time,bidPrice,offerPrice
00:00:00.000,1.12067,1.12077
00:00:01.000,1.12062,1.12072
00:00:03.000,1.1206,1.1207
00:00:06.000,1.12059,1.12069
00:00:08.000,1.1206,1.1207
00:00:10.000,1.12061,1.12071
00:00:11.000,1.12066,1.12076
00:00:12.000,1.12067,1.12077
00:00:14.000,1.12069,1.12079
00:00:15.000,1.12069,1.12079
00:00:18.000,1.12067,1.12077
00:00:19.000,1.12066,1.12076
00:00:20.000,1.12068,1.12078
00:00:23.000,1.12067,1.12077
00:00:24.000,1.12067,1.12077
00:00:25.000,1.12068,1.12078
00:00:26.000,1.12067,1.12077
00:00:27.000,1.12066,1.12076
00:00:29.000,1.12067,1.12077
00:00:30.000,1.12061,1.12071
00:00:33.000,1.1206,1.1207
00:00:44.000,1.12061,1.12071
00:00:49.000,1.12052,1.12062
00:00:52.000,1.1205,1.1206
00:00:56.000,1.12052,1.12062
00:01:02.000,1.12053,1.12063
00:01:04.000,1.1206,1.1207
00:01:08.000,1.12061,1.12071
00:01:26.000,1.1206,1.1207
00:01:37.000,1.12059,1.12069
00:01:38.000,1.12051,1.12061
00:01:40.000,1.12049,1.12059
00:01:44.000,1.1205,1.1206
00:01:48.000,1.12049,1.12059
00:01:49.000,1.1205,1.1206
00:01:59.000,1.12039,1.12049
00:02:00.000,1.1204,1.1205
00:02:08.000,1.1203,1.1204
00:02:10.000,1.12028,1.12038
00:02:15.000,1.12019,1.12029
00:02:37.000,1.12024,1.12034
00:02:38.000,1.12022,1.12032
00:02:39.000,1.12022,1.12032
00:02:40.000,1.12023,1.12033
00:02:43.000,1.12027,1.12037
00:02:44.000,1.12027,1.12037
00:02:45.000,1.12029,1.12039
00:02:48.000,1.12031,1.12041
00:02:58.000,1.12029,1.12039
00:03:00.000,1.12029,1.12039
00:03:08.000,1.1201,1.1202
00:03:09.000,1.12009,1.12019
00:03:10.000,1.12008,1.12018
00:03:11.000,1.11992,1.12002
00:03:12.000,1.1198,1.1199
00:03:17.000,1.11979,1.11989
00:03:18.000,1.1198,1.1199
00:03:19.000,1.11982,1.11992
00:03:21.000,1.11991,1.12001
00:03:27.000,1.11995,1.12005
00:03:28.000,1.11995,1.12005
00:03:30.000,1.11997,1.12007
00:03:31.000,1.11998,1.12008
00:03:33.000,1.11999,1.12009
00:03:34.000,1.11999,1.12009
00:03:37.000,1.11998,1.12008
00:03:38.000,1.11996,1.12006
00:03:40.000,1.11994,1.12004
00:03:41.000,1.11993,1.12003
00:03:42.000,1.11991,1.12001
00:03:43.000,1.1199,1.12
00:03:47.000,1.11987,1.11997
00:03:48.000,1.1199,1.12
00:03:49.000,1.11992,1.12002
00:03:58.000,1.11993,1.12003
00:04:00.000,1.11991,1.12001
00:04:01.000,1.11988,1.11998
00:04:03.000,1.11987,1.11997
00:04:04.000,1.1199,1.12
00:04:05.000,1.11995,1.12005
00:04:06.000,1.11995,1.12005
00:04:07.000,1.11998,1.12008
00:04:08.000,1.12001,1.12011
00:04:09.000,1.12001,1.12011
00:04:10.000,1.12002,1.12012
00:04:11.000,1.12003,1.12013
00:04:12.000,1.11996,1.12006
00:04:15.000,1.11994,1.12004
00:04:22.000,1.11997,1.12007
00:04:24.000,1.12,1.1201
00:04:25.000,1.11996,1.12006
00:04:33.000,1.12,1.1201
00:04:34.000,1.12001,1.12011
00:04:37.000,1.12001,1.12011
00:04:47.000,1.12,1.1201
00:04:50.000,1.11994,1.12004
00:04:51.000,1.11993,1.12003
00:04:58.000,1.11994,1.12004
00:04:59.000,1.11994,1.12004
00:05:00.000,1.11994,1.12004
00:05:01.000,1.11995,1.12005
00:05:02.000,1.11994,1.12004
00:05:03.000,1.11995,1.12005
00:05:06.000,1.11994,1.12004
00:05:07.000,1.11996,1.12006
00:05:08.000,1.11995,1.12005
00:05:16.000,1.11995,1.12005
00:05:18.000,1.11994,1.12004
00:05:24.000,1.11993,1.12003
00:05:25.000,1.11987,1.11997
00:05:26.000,1.11983,1.11993
00:05:27.000,1.11969,1.11979
00:05:28.000,1.1197,1.1198
00:05:32.000,1.11965,1.11975
00:05:33.000,1.11962,1.11972
00:05:35.000,1.11957,1.11967
00:05:36.000,1.1196,1.1197
00:05:37.000,1.11962,1.11972
00:05:39.000,1.11961,1.11971
00:05:41.000,1.11957,1.11967
00:05:42.000,1.11956,1.11966
00:05:48.000,1.11957,1.11967
00:05:51.000,1.1195,1.1196
00:05:58.000,1.11951,1.11961
00:06:01.000,1.11961,1.11971
00:06:03.000,1.11961,1.11971
00:06:04.000,1.11967,1.11977
00:06:05.000,1.11968,1.11978
00:06:06.000,1.11964,1.11974
00:06:07.000,1.11962,1.11972
00:06:09.000,1.1196,1.1197
00:06:28.000,1.11961,1.11971
00:06:48.000,1.1196,1.1197
00:06:54.000,1.11952,1.11962
00:06:56.000,1.11958,1.11968
00:06:57.000,1.1196,1.1197
00:06:59.000,1.11961,1.11971
00:07:00.000,1.11959,1.11969
00:07:01.000,1.11953,1.11963
00:07:07.000,1.11948,1.11958
00:07:08.000,1.11949,1.11959
00:07:09.000,1.11944,1.11954
00:07:10.000,1.11943,1.11953
00:07:11.000,1.11941,1.11951
00:07:12.000,1.11938,1.11948
00:07:13.000,1.11935,1.11944
00:07:14.000,1.11942,1.11951
00:07:15.000,1.11944,1.11953
00:07:16.000,1.11947,1.11956
00:07:17.000,1.11946,1.11955
00:07:18.000,1.11939,1.11948
00:07:19.000,1.11935,1.11944
00:07:20.000,1.11934,1.11943
00:07:21.000,1.11938,1.11947
00:07:22.000,1.11937,1.11946
00:07:23.000,1.11933,1.11942
00:07:25.000,1.11935,1.11944
00:07:26.000,1.11924,1.11933
00:07:27.000,1.11923,1.11932
00:07:28.000,1.11922,1.11931
00:07:32.000,1.11924,1.11933
00:07:33.000,1.11921,1.1193
00:07:37.000,1.11921,1.1193
00:07:40.000,1.11922,1.11931
00:07:43.000,1.11921,1.1193
00:07:45.000,1.1192,1.11929
00:07:53.000,1.11921,1.1193
00:07:54.000,1.1192,1.11929
00:07:55.000,1.11921,1.1193
00:07:56.000,1.11913,1.11922
00:07:58.000,1.11911,1.1192
00:07:59.000,1.11911,1.1192
00:08:02.000,1.11912,1.11921
00:08:03.000,1.11906,1.11915
00:08:04.000,1.11914,1.11923
00:08:05.000,1.11921,1.1193
00:08:07.000,1.11923,1.11932
00:08:08.000,1.11926,1.11935
00:08:09.000,1.11929,1.11938
00:08:10.000,1.11927,1.11936
00:08:13.000,1.11929,1.11938
00:08:14.000,1.11932,1.11941
00:08:17.000,1.11931,1.1194
00:08:18.000,1.11929,1.11938
00:08:21.000,1.1193,1.11939
00:08:22.000,1.11923,1.11932
00:08:25.000,1.11919,1.11928
00:08:27.000,1.11913,1.11922
00:08:32.000,1.11913,1.11922
00:08:43.000,1.1192,1.11929
00:08:44.000,1.11921,1.1193
00:08:46.000,1.11923,1.11932
00:08:47.000,1.11924,1.11933
00:08:49.000,1.11924,1.11933
00:08:58.000,1.11923,1.11932
00:08:59.000,1.11914,1.11923
00:09:00.000,1.11901,1.1191
00:09:02.000,1.11902,1.11911
00:09:10.000,1.11891,1.119
00:09:12.000,1.11893,1.11902
00:09:13.000,1.11892,1.11901
00:09:14.000,1.11893,1.11902
00:09:15.000,1.11891,1.119
00:09:16.000,1.11884,1.11893
00:09:18.000,1.1189,1.11899
00:09:20.000,1.11884,1.11893
00:09:22.000,1.11885,1.11894
00:09:26.000,1.11891,1.119
00:09:30.000,1.11888,1.11897
00:09:31.000,1.11885,1.11894
00:09:32.000,1.11889,1.11898
00:09:33.000,1.1189,1.11899
00:09:39.000,1.11891,1.119
00:09:43.000,1.11888,1.11897
00:09:44.000,1.11892,1.11901
00:09:45.000,1.11891,1.119
00:09:53.000,1.1189,1.11899
00:10:00.000,1.11897,1.11906
00:10:01.000,1.11899,1.11908
00:10:02.000,1.11905,1.11914
00:10:03.000,1.11907,1.11916
00:10:04.000,1.11906,1.11915
00:10:05.000,1.11907,1.11916
00:10:07.000,1.11906,1.11915
00:10:09.000,1.1191,1.11919
00:10:10.000,1.11912,1.11921
00:10:13.000,1.11913,1.11922
00:10:16.000,1.11915,1.11924
00:10:17.000,1.11922,1.11931
00:10:18.000,1.11921,1.1193
00:10:22.000,1.1192,1.11929
00:10:23.000,1.11915,1.11924
00:10:26.000,1.11914,1.11923
00:10:28.000,1.11913,1.11922
00:10:32.000,1.11904,1.11913
00:10:35.000,1.11903,1.11912
00:10:36.000,1.11902,1.11911
00:10:37.000,1.119,1.11909
00:10:41.000,1.11902,1.11911
00:10:42.000,1.119,1.11909
00:10:43.000,1.11896,1.11905
00:10:44.000,1.11892,1.11901
00:10:45.000,1.11897,1.11906
00:10:46.000,1.11906,1.11915
00:10:48.000,1.11907,1.11916
00:10:50.000,1.11908,1.11917
00:10:52.000,1.11911,1.1192
00:10:53.000,1.11921,1.1193
00:10:54.000,1.11918,1.11927
00:10:59.000,1.11919,1.11928
00:11:00.000,1.11931,1.1194
00:11:03.000,1.11929,1.11938
00:11:04.000,1.11924,1.11933
00:11:05.000,1.11929,1.11938
00:11:08.000,1.11938,1.11947
00:11:09.000,1.11939,1.11948
00:11:10.000,1.11938,1.11947
00:11:18.000,1.11937,1.11946
00:11:19.000,1.11938,1.11947
00:11:24.000,1.11937,1.11946
00:11:27.000,1.11936,1.11945
00:11:28.000,1.11935,1.11944
00:11:33.000,1.11939,1.11948
00:11:34.000,1.11941,1.1195
00:11:36.000,1.11936,1.11945
00:11:37.000,1.11937,1.11946
00:11:38.000,1.11938,1.11947
00:11:39.000,1.11939,1.11948
00:11:40.000,1.11939,1.11948
00:11:42.000,1.11945,1.11954
00:11:43.000,1.11947,1.11956
00:11:44.000,1.11949,1.11958
00:11:46.000,1.1195,1.11959
00:11:51.000,1.11947,1.11956
00:11:53.000,1.11946,1.11955
00:11:55.000,1.11947,1.11956
00:11:56.000,1.1195,1.11959
00:11:58.000,1.11949,1.11958
00:12:00.000,1.11944,1.11953
00:12:01.000,1.11942,1.11951
00:12:02.000,1.11934,1.11943
00:12:03.000,1.11935,1.11944
00:12:04.000,1.11934,1.11943
00:12:09.000,1.1194,1.11949
00:12:10.000,1.11942,1.11951
00:12:11.000,1.11941,1.1195
00:12:12.000,1.11935,1.11944
00:12:13.000,1.11936,1.11945
00:12:14.000,1.11942,1.11951
00:12:17.000,1.11937,1.11946
00:12:20.000,1.11936,1.11945
00:12:21.000,1.11934,1.11943
00:12:23.000,1.11936,1.11945
00:12:24.000,1.11928,1.11937
00:12:25.000,1.11929,1.11938
00:12:28.000,1.11927,1.11936
00:12:35.000,1.11922,1.11931
00:12:37.000,1.11916,1.11925
00:12:44.000,1.11914,1.11923
00:12:45.000,1.11914,1.11923
00:12:46.000,1.11914,1.11923
00:12:49.000,1.11909,1.11918
00:12:50.000,1.11904,1.11913
00:12:55.000,1.11911,1.1192
00:12:56.000,1.11914,1.11923
00:12:57.000,1.11913,1.11922
00:13:01.000,1.11914,1.11923
00:13:07.000,1.11918,1.11927
00:13:08.000,1.11916,1.11925
00:13:09.000,1.11918,1.11927
00:13:10.000,1.1192,1.11929
00:13:14.000,1.11922,1.11931
00:13:15.000,1.11929,1.11938
00:13:16.000,1.11932,1.11941
00:13:17.000,1.11927,1.11936
00:13:18.000,1.11931,1.1194
00:13:20.000,1.11932,1.11941
00:13:21.000,1.11933,1.11942
00:13:25.000,1.11932,1.11941
00:13:28.000,1.11934,1.11943
00:13:29.000,1.11939,1.11948
00:13:30.000,1.11934,1.11943
00:13:31.000,1.11932,1.11941
00:13:32.000,1.11931,1.1194
00:13:35.000,1.11932,1.11941
00:13:40.000,1.11934,1.11943
00:13:41.000,1.1194,1.11949
00:13:42.000,1.11942,1.11951
00:13:46.000,1.1194,1.11949
00:13:47.000,1.11942,1.11951
00:13:52.000,1.1194,1.11949
00:13:54.000,1.11935,1.11944
00:13:55.000,1.11937,1.11946
00:13:56.000,1.11933,1.11942
00:13:57.000,1.11936,1.11945
00:13:58.000,1.11933,1.11942
00:14:00.000,1.11935,1.11944
00:14:02.000,1.11935,1.11944
00:14:03.000,1.11937,1.11946
00:14:04.000,1.11939,1.11948
00:14:09.000,1.11941,1.1195
00:14:11.000,1.1194,1.11949
00:14:12.000,1.1194,1.11949
00:14:17.000,1.11936,1.11945
00:14:20.000,1.11942,1.11951
00:14:22.000,1.11941,1.1195
00:14:23.000,1.11939,1.11948
00:14:26.000,1.11941,1.1195
00:14:27.000,1.11942,1.11951
00:14:30.000,1.11938,1.11947
00:14:31.000,1.11938,1.11947
00:14:40.000,1.11941,1.1195
00:14:42.000,1.11947,1.11956
00:14:43.000,1.11946,1.11955
00:14:45.000,1.11945,1.11954
00:14:48.000,1.11945,1.11954
00:14:49.000,1.11944,1.11953
00:14:50.000,1.11942,1.11951
00:14:51.000,1.11942,1.11951
00:14:52.000,1.11943,1.11952
00:14:53.000,1.11939,1.11948
00:14:57.000,1.11941,1.1195
00:14:59.000,1.11942,1.11951
00:15:00.000,1.11941,1.1195
00:15:01.000,1.11942,1.11951
00:15:02.000,1.11941,1.1195
00:15:03.000,1.1194,1.11949
00:15:07.000,1.11939,1.11948
00:15:09.000,1.1194,1.11949
00:15:10.000,1.11938,1.11947
00:15:11.000,1.11941,1.1195
00:15:18.000,1.1194,1.11949
00:15:21.000,1.11944,1.11953
00:15:22.000,1.11945,1.11954
00:15:23.000,1.11946,1.11955
00:15:24.000,1.11945,1.11954
00:15:26.000,1.11944,1.11953
00:15:27.000,1.11949,1.11958
00:15:29.000,1.11947,1.11956
00:15:34.000,1.11948,1.11957
00:15:36.000,1.11943,1.11952
00:15:37.000,1.11942,1.11951
00:15:49.000,1.11937,1.11946
00:15:50.000,1.11934,1.11943
00:15:51.000,1.11933,1.11942
00:15:53.000,1.11936,1.11945
00:15:54.000,1.11942,1.11951
00:15:58.000,1.11943,1.11952
00:15:59.000,1.11944,1.11953
00:16:01.000,1.11944,1.11953
00:16:03.000,1.11945,1.11954
00:16:05.000,1.11944,1.11953
00:16:06.000,1.11943,1.11952
00:16:08.000,1.11944,1.11953
00:16:09.000,1.11945,1.11954
00:16:16.000,1.11944,1.11953
00:16:33.000,1.11947,1.11956
00:16:34.000,1.11948,1.11957
00:16:35.000,1.11947,1.11956
00:16:37.000,1.11949,1.11958
00:16:42.000,1.11952,1.11961
00:16:43.000,1.11951,1.1196
00:16:45.000,1.11951,1.1196
00:16:46.000,1.11953,1.11962
00:16:56.000,1.11951,1.1196
00:16:59.000,1.11947,1.11956
00:17:08.000,1.11943,1.11952
00:17:09.000,1.11941,1.1195
00:17:11.000,1.11934,1.11943
00:17:22.000,1.11929,1.11938
00:17:31.000,1.11931,1.1194
00:17:47.000,1.11932,1.11941
00:17:59.000,1.1193,1.11939
00:18:07.000,1.1193,1.11939
00:18:10.000,1.11935,1.11944
00:18:11.000,1.11936,1.11945
00:18:14.000,1.11935,1.11944
00:18:15.000,1.11936,1.11945
00:18:16.000,1.11938,1.11947
00:18:26.000,1.1194,1.11949
00:18:31.000,1.11939,1.11948
00:18:35.000,1.1194,1.11949
00:18:40.000,1.11941,1.1195
00:18:45.000,1.11937,1.11946
00:18:46.000,1.11931,1.1194
00:18:47.000,1.11933,1.11942
00:18:49.000,1.11934,1.11943
00:18:50.000,1.11933,1.11942
00:18:54.000,1.11935,1.11944
00:18:55.000,1.11937,1.11946
00:18:56.000,1.11938,1.11947
00:18:57.000,1.1194,1.11949
00:18:58.000,1.11941,1.1195
00:19:00.000,1.11943,1.11952
00:19:02.000,1.11941,1.1195
00:19:08.000,1.11935,1.11944
00:19:09.000,1.11935,1.11944
00:19:14.000,1.11934,1.11943
00:19:19.000,1.11935,1.11944
00:19:28.000,1.11934,1.11943
00:19:47.000,1.11933,1.11942
00:19:48.000,1.11932,1.11941
00:19:58.000,1.11931,1.1194
00:20:16.000,1.11929,1.11938
00:20:17.000,1.11926,1.11935
00:20:18.000,1.11924,1.11933
00:20:22.000,1.11921,1.1193
00:20:23.000,1.11923,1.11932
00:20:24.000,1.11921,1.1193
00:20:25.000,1.1192,1.11929
00:20:29.000,1.11913,1.11922
00:20:30.000,1.11911,1.1192
00:20:34.000,1.1191,1.11919
00:20:40.000,1.1191,1.11919
00:20:42.000,1.1191,1.11919
00:20:44.000,1.11918,1.11927
00:20:45.000,1.11913,1.11922
00:20:46.000,1.11914,1.11923
00:20:48.000,1.11913,1.11922
00:20:50.000,1.11912,1.11921
00:20:55.000,1.11912,1.11921
00:20:56.000,1.11911,1.1192
00:20:57.000,1.11911,1.1192
00:20:58.000,1.11911,1.1192
00:21:00.000,1.11909,1.11918
00:21:01.000,1.11911,1.1192
00:21:02.000,1.11909,1.11918
00:21:03.000,1.11911,1.1192
00:21:04.000,1.1191,1.11919
00:21:06.000,1.11911,1.1192
00:21:07.000,1.11918,1.11927
00:21:08.000,1.11921,1.1193
00:21:10.000,1.1192,1.11929
00:21:15.000,1.1192,1.11929
00:21:23.000,1.11921,1.1193
00:21:24.000,1.11928,1.11937
00:21:25.000,1.11926,1.11935
00:21:26.000,1.11925,1.11934
00:21:28.000,1.11925,1.11934
00:21:31.000,1.11926,1.11935
00:21:35.000,1.11933,1.11942
00:21:36.000,1.11933,1.11942
00:21:37.000,1.11932,1.11941
00:21:38.000,1.11931,1.1194
00:21:39.000,1.11932,1.11941
00:21:40.000,1.11932,1.11941
00:21:41.000,1.11933,1.11942
00:21:42.000,1.11934,1.11943
00:21:49.000,1.1194,1.11949
00:21:56.000,1.1194,1.11949
00:22:00.000,1.11937,1.11946
00:22:01.000,1.11934,1.11943
00:22:02.000,1.11935,1.11944
00:22:03.000,1.11934,1.11943
00:22:08.000,1.11932,1.11941
00:22:09.000,1.1193,1.11939
00:22:10.000,1.11931,1.1194
00:22:12.000,1.1193,1.11939
00:22:14.000,1.11931,1.1194
00:22:15.000,1.1193,1.11939
00:22:17.000,1.11925,1.11934
00:22:19.000,1.11922,1.11931
00:22:20.000,1.11921,1.1193
00:22:22.000,1.11923,1.11932
00:22:23.000,1.11923,1.11932
00:22:28.000,1.11922,1.11931
00:22:31.000,1.11923,1.11932
00:22:33.000,1.11921,1.1193
00:22:37.000,1.11923,1.11932
00:22:38.000,1.11923,1.11932
00:22:40.000,1.11922,1.11931
00:22:44.000,1.11921,1.1193
00:22:51.000,1.11912,1.11921
00:22:54.000,1.11913,1.11922
00:22:58.000,1.1192,1.11929
00:22:59.000,1.1192,1.11929
00:23:00.000,1.11916,1.11925
00:23:01.000,1.11911,1.1192
00:23:10.000,1.11909,1.11918
00:23:13.000,1.1191,1.11919
00:23:23.000,1.11909,1.11918
00:23:31.000,1.1191,1.11919
00:23:33.000,1.11906,1.11913
00:23:34.000,1.11902,1.11909
00:23:45.000,1.119,1.11907
00:23:48.000,1.11901,1.11908
00:23:52.000,1.119,1.11907
00:23:54.000,1.11902,1.11909
00:23:55.000,1.11901,1.11908
00:24:00.000,1.11898,1.11905
00:24:01.000,1.11893,1.119
00:24:02.000,1.11894,1.11901
00:24:04.000,1.11895,1.11902
00:24:06.000,1.119,1.11907
00:24:07.000,1.11903,1.1191
00:24:11.000,1.119,1.11907
00:24:12.000,1.11901,1.11908
00:24:14.000,1.11903,1.1191
00:24:30.000,1.11902,1.11909
00:25:08.000,1.11901,1.11908
00:25:24.000,1.11902,1.11909
00:25:59.000,1.11895,1.11902
00:26:00.000,1.11894,1.11901
00:26:01.000,1.11893,1.119
00:26:02.000,1.11894,1.11901
00:26:07.000,1.11892,1.11899
00:26:25.000,1.11902,1.11909
00:26:29.000,1.11902,1.11909
00:26:32.000,1.11901,1.11908
00:26:33.000,1.11895,1.11902
00:26:39.000,1.11902,1.11909
00:26:50.000,1.11901,1.11908
00:26:56.000,1.11896,1.11903
00:26:57.000,1.11894,1.11901
00:27:00.000,1.11893,1.119
00:27:02.000,1.11894,1.11901
00:27:16.000,1.11901,1.11908
00:27:24.000,1.119,1.11907
00:27:27.000,1.11901,1.11908
00:27:33.000,1.11902,1.11909
00:27:34.000,1.11903,1.1191
00:27:53.000,1.11901,1.11908
00:28:07.000,1.11903,1.1191
00:28:08.000,1.11902,1.11909
00:28:10.000,1.11901,1.11908
00:28:12.000,1.11902,1.11909
00:28:15.000,1.1191,1.11917
00:28:16.000,1.11912,1.11919
00:28:19.000,1.1191,1.11917
00:28:25.000,1.11911,1.11918
00:28:27.000,1.11904,1.11911
00:28:28.000,1.11903,1.1191
00:28:34.000,1.11901,1.11908
00:28:47.000,1.119,1.11907
00:28:49.000,1.11899,1.11906
00:28:50.000,1.11895,1.11902
00:28:51.000,1.11894,1.11901
00:28:53.000,1.11893,1.119
00:28:54.000,1.11892,1.11899
00:29:05.000,1.11882,1.11889
00:29:08.000,1.11883,1.1189
00:29:09.000,1.11882,1.11889
00:29:17.000,1.1188,1.11887
00:29:18.000,1.11881,1.11888
00:29:23.000,1.1189,1.11897
00:29:28.000,1.11892,1.11899
00:29:31.000,1.11891,1.11898
00:29:41.000,1.11892,1.11899
00:29:42.000,1.11894,1.11901
00:29:44.000,1.11892,1.11899
00:29:48.000,1.11891,1.11898
00:29:55.000,1.11889,1.11901
00:30:06.000,1.11885,1.11897
00:30:07.000,1.11872,1.11886
00:30:08.000,1.11872,1.11886
00:30:09.000,1.11872,1.11885
00:30:10.000,1.11875,1.11888
00:30:11.000,1.11876,1.11889
00:30:12.000,1.11872,1.11885
00:30:13.000,1.11873,1.11886
00:30:16.000,1.11877,1.11889
00:30:18.000,1.11876,1.11888
00:30:19.000,1.11877,1.11889
00:30:24.000,1.11876,1.11888
00:30:25.000,1.11876,1.11888
00:30:26.000,1.11877,1.11889
00:30:27.000,1.11876,1.11888
00:30:29.000,1.11879,1.11891
00:30:30.000,1.11883,1.1189
00:30:45.000,1.11882,1.11889
00:30:48.000,1.11881,1.11888
00:30:49.000,1.11882,1.11889
00:30:53.000,1.1188,1.11887
00:30:55.000,1.11883,1.1189
00:30:57.000,1.1189,1.11897
00:30:58.000,1.11892,1.11899
00:31:00.000,1.11891,1.11898
00:31:01.000,1.11892,1.11899
00:31:02.000,1.11893,1.119
00:31:08.000,1.11892,1.11899
00:31:09.000,1.11893,1.119
00:31:10.000,1.11893,1.119
00:31:14.000,1.11887,1.11894
00:31:15.000,1.11893,1.119
00:31:18.000,1.11892,1.11899
00:31:19.000,1.11892,1.11899
00:31:20.000,1.11893,1.119
00:31:23.000,1.11892,1.11899
00:31:30.000,1.11892,1.11899
00:31:39.000,1.11892,1.11899
00:31:40.000,1.11893,1.119
00:31:42.000,1.11895,1.11902
00:31:43.000,1.11896,1.11903
00:31:44.000,1.119,1.11907
00:31:47.000,1.11901,1.11908
00:31:48.000,1.11902,1.11909
00:31:51.000,1.11903,1.1191
00:31:52.000,1.11902,1.11909
00:31:59.000,1.11901,1.11908
00:32:01.000,1.119,1.11907
00:32:02.000,1.11894,1.11901
00:32:04.000,1.11895,1.11902
00:32:05.000,1.11894,1.11901
00:32:08.000,1.11895,1.11902
00:32:13.000,1.11896,1.11903
00:32:14.000,1.11895,1.11902
00:32:17.000,1.11892,1.11899
00:32:20.000,1.11892,1.11899
00:32:24.000,1.11894,1.11901
00:32:28.000,1.11893,1.119
00:32:29.000,1.11892,1.11899
00:32:33.000,1.11893,1.119
00:32:35.000,1.11892,1.11899
00:32:52.000,1.11897,1.11904
00:32:53.000,1.11901,1.11908
00:33:09.000,1.119,1.11907
00:33:11.000,1.11901,1.11908
00:33:22.000,1.11902,1.11909
00:34:05.000,1.119,1.11907
00:34:48.000,1.11903,1.1191
00:34:49.000,1.11901,1.11908
00:35:10.000,1.11902,1.11909
00:35:20.000,1.11901,1.11908
00:35:28.000,1.11902,1.11909
00:35:32.000,1.11903,1.1191
00:35:33.000,1.11903,1.1191
00:35:40.000,1.11909,1.11916
00:35:42.000,1.11914,1.11921
00:35:43.000,1.11912,1.11919
00:35:50.000,1.11911,1.11918
00:35:53.000,1.11906,1.11913
00:35:55.000,1.11907,1.11914
00:35:57.000,1.11913,1.1192
00:36:08.000,1.11914,1.11921
00:36:17.000,1.11913,1.1192
00:36:21.000,1.11914,1.11921
00:36:23.000,1.11915,1.11922
00:36:24.000,1.11919,1.11926
00:36:26.000,1.11919,1.11926
00:36:27.000,1.11918,1.11925
00:36:28.000,1.11916,1.11923
00:36:32.000,1.11914,1.11921
00:36:39.000,1.11916,1.11923
00:36:40.000,1.11918,1.11925
00:36:41.000,1.11923,1.1193
00:36:53.000,1.11924,1.11931
00:37:08.000,1.11923,1.1193
00:37:29.000,1.11924,1.11931
00:37:32.000,1.11927,1.11934
00:37:33.000,1.11927,1.11934
00:37:35.000,1.11933,1.1194
00:37:38.000,1.11932,1.11939
00:37:48.000,1.11933,1.1194
00:38:02.000,1.11932,1.11939
00:38:08.000,1.11933,1.1194
00:38:22.000,1.11925,1.11932
00:38:24.000,1.11924,1.11931
00:38:25.000,1.1193,1.11937
00:38:26.000,1.11932,1.11939
00:38:44.000,1.11934,1.11941
00:38:48.000,1.11933,1.1194
00:38:50.000,1.11933,1.1194
00:38:59.000,1.11933,1.1194
00:39:02.000,1.11933,1.1194
00:39:03.000,1.11942,1.11949
00:39:04.000,1.11941,1.11948
00:39:11.000,1.11943,1.1195
00:39:12.000,1.11944,1.11951
00:39:13.000,1.11943,1.1195
00:39:20.000,1.11941,1.11948
00:39:23.000,1.11942,1.11949
00:39:24.000,1.11941,1.11948
00:39:27.000,1.11943,1.1195
00:40:04.000,1.11942,1.11949
00:40:07.000,1.11941,1.11948
00:40:13.000,1.11935,1.11942
00:40:14.000,1.11933,1.1194
00:40:20.000,1.11929,1.11936
00:40:21.000,1.11932,1.11939
00:40:22.000,1.11931,1.11938
00:40:23.000,1.11931,1.11938
00:40:26.000,1.11932,1.11939
00:40:27.000,1.11931,1.11938
00:40:28.000,1.1193,1.11937
00:40:29.000,1.11931,1.11938
00:40:31.000,1.11932,1.11939
00:40:36.000,1.11933,1.1194
00:40:47.000,1.11932,1.11939
00:40:48.000,1.11932,1.11939
00:40:59.000,1.11935,1.11942
00:41:06.000,1.11936,1.11943
00:41:07.000,1.11943,1.1195
00:41:22.000,1.11953,1.1196
00:41:23.000,1.11952,1.11959
00:41:27.000,1.11953,1.1196
00:41:37.000,1.11952,1.11959
00:41:54.000,1.11953,1.1196
00:42:18.000,1.11936,1.11943
00:42:19.000,1.11941,1.11948
00:42:20.000,1.11943,1.1195
00:42:22.000,1.11943,1.1195
00:42:23.000,1.11944,1.11951
00:42:24.000,1.11943,1.1195
00:42:27.000,1.11944,1.11951
00:42:39.000,1.11942,1.11949
00:42:40.000,1.1194,1.11947
00:42:41.000,1.11939,1.11946
00:42:43.000,1.11936,1.11943
00:42:46.000,1.11935,1.11942
00:42:54.000,1.11934,1.11941
00:43:01.000,1.11935,1.11942
00:43:02.000,1.11932,1.11939
00:43:03.000,1.11932,1.11939
00:43:05.000,1.11934,1.11941
00:43:06.000,1.11937,1.11944
00:43:07.000,1.11934,1.11941
00:43:08.000,1.11935,1.11942
00:43:11.000,1.11942,1.11949
00:43:12.000,1.11935,1.11942
00:43:17.000,1.11939,1.11946
00:43:18.000,1.11942,1.11949
00:43:26.000,1.11942,1.11949
00:43:27.000,1.11943,1.1195
00:43:28.000,1.11944,1.11951
00:43:32.000,1.11943,1.1195
00:44:03.000,1.11933,1.1194
00:44:04.000,1.11934,1.11941
00:44:05.000,1.11933,1.1194
00:44:14.000,1.11942,1.11949
00:44:17.000,1.11942,1.11949
00:44:28.000,1.11937,1.11944
00:44:29.000,1.11935,1.11942
00:44:36.000,1.11934,1.11941
00:44:37.000,1.11933,1.1194
00:44:56.000,1.11928,1.11935
00:44:57.000,1.11928,1.11935
00:44:58.000,1.11932,1.11939
00:45:01.000,1.11928,1.11935
00:45:02.000,1.11927,1.11934
00:45:05.000,1.11923,1.1193
00:45:06.000,1.11923,1.1193
00:45:20.000,1.1192,1.11927
00:45:21.000,1.11923,1.1193
00:45:22.000,1.11924,1.11933
00:45:25.000,1.11923,1.11932
00:45:26.000,1.11925,1.11934
00:45:33.000,1.11927,1.11936
00:45:34.000,1.11926,1.11935
00:45:36.000,1.11925,1.11934
00:45:39.000,1.11926,1.11935
00:45:47.000,1.11925,1.11934
00:45:48.000,1.11926,1.11935
00:45:50.000,1.11925,1.11934
00:46:00.000,1.11924,1.11933
00:46:01.000,1.11922,1.11931
00:46:02.000,1.11924,1.11933
00:46:03.000,1.11924,1.11933
00:46:12.000,1.11925,1.11934
00:46:17.000,1.11933,1.11942
00:46:18.000,1.11932,1.11941
00:46:20.000,1.11933,1.11942
00:46:21.000,1.11934,1.11943
00:46:24.000,1.11933,1.11942
00:46:25.000,1.11934,1.11943
00:46:32.000,1.11933,1.11942
00:46:35.000,1.11934,1.11943
00:46:36.000,1.11936,1.11945
00:46:39.000,1.11934,1.11943
00:46:40.000,1.11935,1.11944
00:46:42.000,1.11936,1.11945
00:46:49.000,1.11934,1.11943
00:46:50.000,1.11932,1.11941
00:46:51.000,1.11926,1.11935
00:46:52.000,1.11925,1.11934
00:46:54.000,1.11927,1.11936
00:46:58.000,1.11934,1.11943
00:47:00.000,1.11936,1.11945
00:47:02.000,1.11934,1.11943
00:47:04.000,1.11932,1.11941
00:47:17.000,1.11934,1.11943
00:47:18.000,1.11935,1.11944
00:47:28.000,1.11934,1.11943
00:47:30.000,1.11935,1.11944
00:47:31.000,1.11935,1.11944
00:47:35.000,1.11936,1.11945
00:47:39.000,1.11935,1.11944
00:47:42.000,1.11943,1.11952
00:47:43.000,1.11944,1.11953
00:47:48.000,1.11943,1.11952
00:47:53.000,1.11944,1.11953
00:48:05.000,1.11944,1.11953
00:48:09.000,1.11943,1.11952
00:48:16.000,1.11946,1.11955
00:48:17.000,1.11951,1.1196
00:48:18.000,1.11955,1.11964
00:48:25.000,1.11953,1.11962
00:48:28.000,1.11945,1.11954
00:48:32.000,1.11946,1.11955
00:48:36.000,1.11944,1.11953
00:48:55.000,1.11948,1.11957
00:48:56.000,1.11949,1.11958
00:48:57.000,1.11951,1.1196
00:49:02.000,1.11949,1.11958
00:49:03.000,1.11945,1.11954
00:49:11.000,1.11943,1.11952
00:49:41.000,1.11943,1.11952
00:49:43.000,1.11939,1.11948
00:49:44.000,1.11933,1.11942
00:49:51.000,1.11932,1.11941
00:49:53.000,1.11934,1.11943
00:49:56.000,1.11933,1.11942
00:50:08.000,1.11932,1.11941
00:50:13.000,1.1193,1.11939
00:50:14.000,1.1193,1.11939
00:50:16.000,1.11922,1.11931
00:50:21.000,1.11921,1.1193
00:50:26.000,1.11922,1.11931
00:50:28.000,1.11921,1.1193
00:50:29.000,1.11921,1.1193
00:50:35.000,1.11922,1.11931
00:50:37.000,1.11924,1.11933
00:50:38.000,1.11924,1.11933
00:50:39.000,1.11925,1.11934
00:50:40.000,1.11932,1.11941
00:51:07.000,1.11942,1.11951
00:51:15.000,1.11941,1.1195
00:51:28.000,1.11942,1.11951
00:51:33.000,1.11934,1.11943
00:51:34.000,1.11933,1.11942
00:52:11.000,1.11932,1.11941
00:52:12.000,1.11933,1.11942
00:52:28.000,1.11934,1.11943
00:52:30.000,1.11938,1.11947
00:52:31.000,1.11941,1.1195
00:52:36.000,1.11932,1.11941
00:52:49.000,1.1193,1.11939
00:52:50.000,1.11929,1.11938
00:52:56.000,1.1193,1.11939
00:53:07.000,1.11932,1.11941
00:53:28.000,1.11929,1.11938
00:53:38.000,1.11931,1.1194
00:53:48.000,1.1193,1.11939
00:54:04.000,1.11931,1.1194
00:54:09.000,1.11938,1.11947
00:54:10.000,1.1194,1.11949
00:54:14.000,1.11942,1.11951
00:54:18.000,1.11945,1.11954
00:54:23.000,1.1194,1.11949
00:54:24.000,1.11941,1.1195
00:54:34.000,1.11945,1.11954
00:54:35.000,1.1195,1.11959
00:54:38.000,1.11951,1.1196
00:54:48.000,1.11952,1.11961
00:54:49.000,1.1195,1.11959
00:54:59.000,1.11942,1.11951
00:55:01.000,1.11946,1.11955
00:55:02.000,1.1195,1.11959
00:55:03.000,1.11945,1.11954
00:55:06.000,1.11943,1.11952
00:55:07.000,1.11941,1.1195
00:55:10.000,1.1194,1.11949
00:55:11.000,1.11941,1.1195
00:55:12.000,1.1194,1.11949
00:55:14.000,1.11939,1.11948
00:55:23.000,1.1194,1.11949
00:55:30.000,1.11941,1.1195
00:55:31.000,1.11936,1.11945
00:55:32.000,1.11935,1.11944
00:55:35.000,1.11941,1.1195
00:55:38.000,1.1194,1.11949
00:55:39.000,1.11941,1.1195
00:55:43.000,1.11942,1.11951
00:55:45.000,1.1194,1.11949
00:55:47.000,1.1194,1.11949
00:55:57.000,1.11939,1.11948
00:56:00.000,1.1194,1.11949
00:56:01.000,1.11943,1.11952
00:56:08.000,1.11942,1.11951
00:56:14.000,1.11941,1.1195
00:56:18.000,1.11942,1.11951
00:56:20.000,1.11941,1.1195
00:56:21.000,1.1194,1.11949
00:56:24.000,1.11942,1.11951
00:56:25.000,1.11941,1.1195
00:56:26.000,1.11942,1.11951
00:56:27.000,1.11941,1.1195
00:56:29.000,1.11946,1.11955
00:56:30.000,1.11951,1.1196
00:56:40.000,1.11946,1.11953
00:56:41.000,1.11942,1.11949
00:56:42.000,1.11941,1.11948
00:56:46.000,1.11942,1.11949
00:56:48.000,1.11941,1.11948
00:56:53.000,1.1194,1.11947
00:56:56.000,1.11936,1.11943
00:56:59.000,1.11932,1.11939
00:57:03.000,1.11933,1.1194
00:57:04.000,1.11932,1.11939
00:57:08.000,1.11941,1.11948
00:57:09.000,1.11942,1.11949
00:57:11.000,1.11941,1.11948
00:57:12.000,1.11942,1.11949
00:57:23.000,1.1194,1.11947
00:57:26.000,1.11941,1.11948
00:57:27.000,1.1194,1.11947
00:57:36.000,1.11932,1.11939
00:57:43.000,1.11934,1.11941
00:57:48.000,1.11933,1.1194
00:57:49.000,1.11934,1.11941
00:57:50.000,1.11933,1.1194
00:57:55.000,1.11933,1.1194
00:58:08.000,1.11932,1.11939
00:58:09.000,1.11931,1.11938
00:58:32.000,1.11933,1.1194
00:58:52.000,1.11934,1.11941
00:59:09.000,1.11933,1.1194
00:59:11.000,1.11934,1.11941
00:59:13.000,1.11933,1.1194
00:59:14.000,1.11934,1.11941
00:59:15.000,1.11934,1.11941
00:59:17.000,1.11933,1.1194
00:59:18.000,1.11934,1.11941
00:59:22.000,1.11933,1.1194
00:59:23.000,1.11933,1.1194
00:59:28.000,1.11932,1.11939
00:59:32.000,1.11931,1.11938
00:59:40.000,1.11928,1.11935
00:59:41.000,1.11931,1.11938
00:59:42.000,1.11932,1.11939
00:59:45.000,1.11931,1.11938
00:59:46.000,1.11932,1.11939
00:59:47.000,1.11931,1.11938
00:59:49.000,1.1193,1.11937
00:59:51.000,1.1193,1.11937
00:59:52.000,1.11931,1.11938
00:59:58.000,1.11933,1.1194
01:00:11.000,1.11934,1.11941
01:00:16.000,1.11943,1.1195
01:00:22.000,1.11943,1.1195
01:00:23.000,1.11941,1.11948
01:00:25.000,1.1194,1.11947
01:00:26.000,1.11942,1.11949
01:00:27.000,1.11936,1.11943
01:00:28.000,1.11935,1.11942
01:00:29.000,1.11931,1.11938
01:00:30.000,1.1193,1.11937
01:00:32.000,1.11929,1.11936
01:00:50.000,1.11929,1.11936
01:00:51.000,1.11933,1.1194
01:00:52.000,1.11929,1.11936
01:01:00.000,1.11931,1.11938
01:01:01.000,1.1193,1.11937
01:01:03.000,1.11929,1.11936
01:01:05.000,1.11926,1.11933
01:01:06.000,1.11925,1.11932
01:01:08.000,1.11923,1.1193
01:01:11.000,1.11928,1.11935
01:01:12.000,1.11924,1.11931
01:01:14.000,1.11921,1.11928
01:01:15.000,1.11919,1.11926
01:01:28.000,1.1192,1.11927
01:01:33.000,1.11926,1.11933
01:01:34.000,1.11925,1.11932
01:01:37.000,1.11922,1.11929
01:01:38.000,1.11923,1.1193
01:01:39.000,1.11924,1.11931
01:01:40.000,1.11925,1.11932
01:01:41.000,1.11921,1.11928
01:01:46.000,1.11924,1.11931
01:01:47.000,1.11925,1.11932
01:01:52.000,1.11923,1.1193
01:02:04.000,1.11922,1.11929
01:02:33.000,1.11918,1.11925
01:02:34.000,1.11917,1.11924
01:02:42.000,1.11914,1.11921
01:02:48.000,1.11913,1.1192
01:03:03.000,1.11907,1.11914
01:03:04.000,1.11904,1.11911
01:03:05.000,1.11902,1.11909
01:03:22.000,1.119,1.11907
01:03:28.000,1.11902,1.11909
01:03:48.000,1.11903,1.1191
01:04:02.000,1.11904,1.11911
01:04:03.000,1.11909,1.11916
01:04:04.000,1.11905,1.11912
01:04:08.000,1.11908,1.11915
01:04:11.000,1.11909,1.11916
01:04:12.000,1.1191,1.11917
01:04:18.000,1.11911,1.11918
01:04:29.000,1.11912,1.11919
01:04:32.000,1.11912,1.11919
01:04:41.000,1.11905,1.11912
01:04:42.000,1.11902,1.11909
01:04:43.000,1.11901,1.11908
01:04:47.000,1.11902,1.11909
01:05:00.000,1.11904,1.11911
01:05:06.000,1.1191,1.11917
01:05:08.000,1.11911,1.11918
01:05:09.000,1.11912,1.11919
01:05:28.000,1.11913,1.1192
01:05:29.000,1.11917,1.11924
01:05:30.000,1.11918,1.11925
01:05:31.000,1.11919,1.11926
01:05:32.000,1.1192,1.11927
01:05:38.000,1.11922,1.11929
01:05:41.000,1.1192,1.11927
01:05:42.000,1.11916,1.11923
01:05:43.000,1.11914,1.11921
01:05:47.000,1.11912,1.11919
01:05:48.000,1.11908,1.11915
01:05:49.000,1.11911,1.11918
01:05:52.000,1.11912,1.11919
01:05:55.000,1.1191,1.11917
01:05:56.000,1.11909,1.11916
01:05:57.000,1.11903,1.1191
01:05:59.000,1.11911,1.11918
01:06:00.000,1.11913,1.1192
01:06:02.000,1.11911,1.11918
01:06:03.000,1.11906,1.11913
01:06:05.000,1.11911,1.11918
01:06:06.000,1.11913,1.1192
01:06:27.000,1.11914,1.11921
01:06:29.000,1.11929,1.11936
01:06:30.000,1.11928,1.11935
01:06:31.000,1.11926,1.11933
01:06:36.000,1.11924,1.11931
01:06:41.000,1.11925,1.11932
01:06:43.000,1.11932,1.11939
01:06:48.000,1.11933,1.1194
01:07:03.000,1.11932,1.11939
01:07:08.000,1.11933,1.1194
01:07:28.000,1.11932,1.11939
01:07:32.000,1.11927,1.11934
01:07:33.000,1.11931,1.11938
01:07:41.000,1.11933,1.1194
01:08:05.000,1.11932,1.11939
01:08:06.000,1.11933,1.1194
01:08:08.000,1.11934,1.11941
01:08:14.000,1.11933,1.1194
01:08:24.000,1.11934,1.11941
01:08:35.000,1.11935,1.11942
01:08:36.000,1.11938,1.11945
01:08:37.000,1.11936,1.11943
01:08:38.000,1.11935,1.11942
01:08:43.000,1.1194,1.11947
01:08:51.000,1.11944,1.11951
01:08:52.000,1.11945,1.11952
01:08:53.000,1.11944,1.11951
01:08:58.000,1.11937,1.11944
01:08:59.000,1.11935,1.11942
01:09:06.000,1.11942,1.11949
01:09:11.000,1.11943,1.1195
01:09:42.000,1.11951,1.11958
01:09:43.000,1.11953,1.1196
01:09:47.000,1.11951,1.11958
01:10:00.000,1.11953,1.1196
01:10:48.000,1.11952,1.11959
01:10:50.000,1.11949,1.11956
01:10:53.000,1.11949,1.11956
01:10:54.000,1.11951,1.11958
01:11:00.000,1.11952,1.11959
01:11:08.000,1.11953,1.1196
01:11:12.000,1.11952,1.11959
01:11:15.000,1.11947,1.11954
01:11:25.000,1.11949,1.11956
01:11:28.000,1.1195,1.11957
01:11:41.000,1.11947,1.11954
01:11:43.000,1.11936,1.11943
01:11:44.000,1.11935,1.11942
01:12:05.000,1.11935,1.11942
01:12:07.000,1.11934,1.11941
01:12:08.000,1.11933,1.1194
01:12:13.000,1.11934,1.11941
01:12:20.000,1.1193,1.11937
01:12:39.000,1.11933,1.1194
01:12:40.000,1.11933,1.1194
01:12:42.000,1.11931,1.11938
01:13:15.000,1.1193,1.11937
01:13:16.000,1.11931,1.11938
01:13:17.000,1.1193,1.11937
01:13:18.000,1.11932,1.11939
01:13:19.000,1.11929,1.11936
01:13:21.000,1.11924,1.11931
01:13:27.000,1.11922,1.11929
01:13:46.000,1.11923,1.1193
01:13:52.000,1.11933,1.1194
01:13:53.000,1.1193,1.11937
01:13:54.000,1.11932,1.11939
01:13:55.000,1.11931,1.11938
01:14:22.000,1.11929,1.11936
01:14:44.000,1.11928,1.11935
01:14:45.000,1.11929,1.11936
01:14:46.000,1.11927,1.11934
01:14:47.000,1.11928,1.11935
01:14:50.000,1.1193,1.11937
01:14:51.000,1.11928,1.11935
01:15:01.000,1.11928,1.11935
01:15:15.000,1.11929,1.11936
01:15:16.000,1.11926,1.11933
01:15:17.000,1.11926,1.11933
01:15:18.000,1.11924,1.11931
01:15:23.000,1.11925,1.11932
01:15:24.000,1.11932,1.11939
01:15:25.000,1.1194,1.11947
01:15:28.000,1.11941,1.11948
01:15:36.000,1.11947,1.11954
01:15:53.000,1.11951,1.11958
01:15:54.000,1.11954,1.11961
01:15:58.000,1.11955,1.11962
01:16:06.000,1.11956,1.11963
01:16:12.000,1.11955,1.11962
01:16:16.000,1.11961,1.11968
01:16:17.000,1.11957,1.11964
01:16:18.000,1.11951,1.11958
01:16:19.000,1.11942,1.11949
01:16:20.000,1.11941,1.11948
01:16:22.000,1.11942,1.11949
01:16:28.000,1.11941,1.11948
01:16:32.000,1.1194,1.11947
01:16:33.000,1.11935,1.11942
01:16:34.000,1.11933,1.1194
01:16:39.000,1.11942,1.11949
01:16:40.000,1.11945,1.11952
01:16:41.000,1.11944,1.11951
01:16:42.000,1.11943,1.1195
01:17:03.000,1.11944,1.11951
01:17:05.000,1.11945,1.11952
01:17:08.000,1.1195,1.11957
01:17:10.000,1.11944,1.11951
01:17:15.000,1.11939,1.11946
01:17:16.000,1.11942,1.11949
01:17:20.000,1.11943,1.1195
01:17:36.000,1.11943,1.1195
01:17:39.000,1.11942,1.11949
01:17:53.000,1.11941,1.11948
01:18:08.000,1.11942,1.11949
01:18:38.000,1.1194,1.11947
01:18:39.000,1.1194,1.11947
01:18:41.000,1.11939,1.11946
01:18:45.000,1.11934,1.11941
01:18:46.000,1.11933,1.1194
01:18:55.000,1.11927,1.11934
01:18:56.000,1.11931,1.11938
01:18:57.000,1.11932,1.11939
01:19:00.000,1.11931,1.11938
01:19:01.000,1.11932,1.11939
01:19:06.000,1.11933,1.1194
01:19:08.000,1.11937,1.11944
01:19:09.000,1.11941,1.11948
01:19:11.000,1.1194,1.11947
01:19:12.000,1.11943,1.1195
01:19:15.000,1.11942,1.11949
01:19:16.000,1.11941,1.11948
01:19:17.000,1.1194,1.11947
01:19:18.000,1.11934,1.11941
01:19:19.000,1.11934,1.11941
01:19:20.000,1.11935,1.11942
01:19:21.000,1.11935,1.11942
01:19:24.000,1.11936,1.11943
01:19:27.000,1.11934,1.11941
01:19:32.000,1.11935,1.11942
01:19:34.000,1.11934,1.11941
01:19:38.000,1.11935,1.11942
01:19:39.000,1.11937,1.11944
01:19:40.000,1.11935,1.11942
01:19:43.000,1.11941,1.11948
01:19:46.000,1.11943,1.1195
01:19:50.000,1.11942,1.11949
01:20:03.000,1.11943,1.1195
01:20:22.000,1.11949,1.11956
01:20:25.000,1.11944,1.11951
01:20:26.000,1.11945,1.11952
01:20:33.000,1.11947,1.11954
01:20:35.000,1.1195,1.11957
01:20:40.000,1.11955,1.11962
01:20:42.000,1.11957,1.11964
01:20:43.000,1.11956,1.11963
01:20:44.000,1.11955,1.11962
01:20:47.000,1.11953,1.1196
01:21:01.000,1.11954,1.11961
01:21:05.000,1.11952,1.11959
01:21:24.000,1.11953,1.1196
01:21:31.000,1.11955,1.11962
01:21:35.000,1.11955,1.11962
01:21:38.000,1.11954,1.11961
01:21:39.000,1.11955,1.11962
01:21:40.000,1.11956,1.11963
01:21:41.000,1.11955,1.11962
01:21:45.000,1.11956,1.11963
01:21:59.000,1.11957,1.11964
01:22:02.000,1.11955,1.11962
01:22:04.000,1.11956,1.11963
01:22:05.000,1.11957,1.11964
01:22:12.000,1.11956,1.11963
01:22:24.000,1.11956,1.11963
01:22:27.000,1.11955,1.11962
01:22:29.000,1.11956,1.11963
01:22:30.000,1.11956,1.11963
01:22:39.000,1.11949,1.11956
01:22:40.000,1.11953,1.1196
01:22:41.000,1.11951,1.11958
01:22:42.000,1.11952,1.11959
01:22:43.000,1.11954,1.11961
01:22:44.000,1.11955,1.11962
01:23:01.000,1.11956,1.11963
01:23:06.000,1.11954,1.11961
01:23:13.000,1.11955,1.11962
01:23:15.000,1.11954,1.11961
01:23:22.000,1.11955,1.11962
01:23:24.000,1.11954,1.11961
01:23:25.000,1.11955,1.11962
01:23:26.000,1.11954,1.11961
01:23:27.000,1.11954,1.11961
01:23:28.000,1.11955,1.11962
01:23:30.000,1.11954,1.11961
01:23:50.000,1.11954,1.11961
01:23:55.000,1.1195,1.11957
01:23:56.000,1.11951,1.11958
01:24:00.000,1.11947,1.11954
01:24:01.000,1.11945,1.11952
01:24:08.000,1.11944,1.11951
01:24:16.000,1.11943,1.1195
01:24:17.000,1.11944,1.11951
01:24:25.000,1.11943,1.1195
01:24:26.000,1.11944,1.11951
01:24:31.000,1.11936,1.11943
01:24:32.000,1.11931,1.11938
01:24:37.000,1.11926,1.11933
01:24:38.000,1.11927,1.11934
01:24:39.000,1.11929,1.11936
01:24:40.000,1.1193,1.11937
01:24:48.000,1.11933,1.1194
01:24:49.000,1.11931,1.11938
01:24:58.000,1.11927,1.11934
01:24:59.000,1.1193,1.11937
01:25:00.000,1.11929,1.11936
01:25:02.000,1.11931,1.11938
01:25:03.000,1.1193,1.11937
01:25:05.000,1.11932,1.11939
01:25:07.000,1.11932,1.11939
01:25:08.000,1.11933,1.1194
01:25:09.000,1.11932,1.11939
01:25:22.000,1.11923,1.1193
01:25:23.000,1.11922,1.11929
01:25:46.000,1.1192,1.11927
01:25:49.000,1.11921,1.11928
01:25:56.000,1.11922,1.11929
01:26:03.000,1.11924,1.11931
01:26:08.000,1.11923,1.1193
01:26:16.000,1.11922,1.11929
01:26:29.000,1.11923,1.1193
01:26:39.000,1.11922,1.11929
01:26:48.000,1.11923,1.1193
01:26:55.000,1.11924,1.11931
01:26:56.000,1.11933,1.1194
01:27:41.000,1.11932,1.11939
01:27:43.000,1.11933,1.1194
01:27:44.000,1.11932,1.11939
01:27:45.000,1.11933,1.1194
01:28:13.000,1.11943,1.1195
01:28:26.000,1.11942,1.11949
01:28:36.000,1.11942,1.11949
01:28:53.000,1.11941,1.11948
01:29:28.000,1.11943,1.1195
01:29:38.000,1.11944,1.11951
01:29:39.000,1.11942,1.11949
01:29:45.000,1.11944,1.11951
01:29:47.000,1.11942,1.11949
01:29:48.000,1.11941,1.11948
01:29:53.000,1.11943,1.1195
01:29:55.000,1.1194,1.11952
01:30:03.000,1.11942,1.11954
01:30:04.000,1.1194,1.11952
01:30:05.000,1.11939,1.11951
01:30:18.000,1.11936,1.11948
01:30:19.000,1.11933,1.11945
01:30:21.000,1.11937,1.11949
01:30:26.000,1.11937,1.11949
01:30:27.000,1.11938,1.1195
01:30:28.000,1.11939,1.11951
01:30:30.000,1.11941,1.11948
01:30:43.000,1.11942,1.11949
01:30:44.000,1.11943,1.1195
01:30:52.000,1.11942,1.11949
01:31:36.000,1.1194,1.11947
01:31:40.000,1.11932,1.11939
01:32:01.000,1.11931,1.11938
01:32:06.000,1.11932,1.11939
01:32:08.000,1.11933,1.1194
01:32:10.000,1.11939,1.11946
01:32:12.000,1.1194,1.11947
01:32:21.000,1.11937,1.11944
01:32:24.000,1.11934,1.11941
01:32:33.000,1.11936,1.11943
01:32:35.000,1.11939,1.11946
01:32:36.000,1.11936,1.11943
01:32:38.000,1.11935,1.11942
01:32:39.000,1.11931,1.11938
01:32:47.000,1.11932,1.11939
01:32:48.000,1.11932,1.11939
01:32:51.000,1.11931,1.11938
01:32:52.000,1.11932,1.11939
01:33:08.000,1.11934,1.11941
01:33:10.000,1.11935,1.11942
01:33:11.000,1.11942,1.11949
01:33:13.000,1.11943,1.1195
01:33:14.000,1.11944,1.11951
01:33:15.000,1.11943,1.1195
01:33:27.000,1.11944,1.11951
01:33:41.000,1.11947,1.11954
01:33:42.000,1.11951,1.11958
01:33:43.000,1.11953,1.1196
01:33:51.000,1.11946,1.11953
01:33:53.000,1.11947,1.11954
01:33:55.000,1.11946,1.11953
01:33:56.000,1.11946,1.11953
01:33:57.000,1.11946,1.11953
01:34:02.000,1.11946,1.11953
01:34:03.000,1.11947,1.11954
01:34:04.000,1.11947,1.11954
01:34:07.000,1.11951,1.11958
01:34:08.000,1.11952,1.11959
01:34:11.000,1.11951,1.11958
01:34:14.000,1.11952,1.11959
01:34:24.000,1.11953,1.1196
01:34:25.000,1.11948,1.11955
01:34:26.000,1.11945,1.11952
01:34:42.000,1.11946,1.11953
01:34:43.000,1.11952,1.11959
01:34:44.000,1.11953,1.1196
01:34:45.000,1.11955,1.11962
01:34:47.000,1.11956,1.11963
01:34:49.000,1.11955,1.11962
01:35:00.000,1.11954,1.11961
01:35:01.000,1.11953,1.1196
01:35:03.000,1.11951,1.11958
01:35:08.000,1.11951,1.11958
01:35:09.000,1.11952,1.11959
01:35:14.000,1.11951,1.11958
01:35:15.000,1.1195,1.11957
01:35:19.000,1.11943,1.1195
01:35:20.000,1.11941,1.11948
01:35:28.000,1.11942,1.11949
01:35:41.000,1.11941,1.11948
01:35:42.000,1.11942,1.11949
01:35:46.000,1.11943,1.1195
01:35:47.000,1.11942,1.11949
01:35:53.000,1.1194,1.11947
01:35:55.000,1.11941,1.11948
01:36:02.000,1.11944,1.11951
01:36:03.000,1.11945,1.11952
01:36:04.000,1.11943,1.1195
01:36:05.000,1.11945,1.11952
01:36:07.000,1.11943,1.1195
01:36:08.000,1.11942,1.11949
01:36:09.000,1.11944,1.11951
01:36:13.000,1.11943,1.1195
01:36:14.000,1.11942,1.11949
01:36:15.000,1.11941,1.11948
01:36:18.000,1.11932,1.11939
01:36:20.000,1.11935,1.11942
01:36:22.000,1.11936,1.11943
01:36:23.000,1.11945,1.11952
01:36:24.000,1.11948,1.11955
01:36:25.000,1.11947,1.11954
01:36:28.000,1.11946,1.11953
01:36:34.000,1.11945,1.11952
01:36:35.000,1.11946,1.11953
01:36:37.000,1.11945,1.11952
01:36:54.000,1.11946,1.11953
01:36:55.000,1.11946,1.11953
01:36:56.000,1.11947,1.11954
01:37:00.000,1.11952,1.11959
01:37:01.000,1.11954,1.11961
01:37:13.000,1.11959,1.11966
01:37:16.000,1.11954,1.11961
01:37:19.000,1.11953,1.1196
01:37:27.000,1.11958,1.11965
01:37:28.000,1.11957,1.11964
01:37:29.000,1.11956,1.11963
01:37:33.000,1.11953,1.1196
01:37:34.000,1.11952,1.11959
01:37:45.000,1.11957,1.11964
01:37:48.000,1.11959,1.11966
01:38:00.000,1.11956,1.11963
01:38:10.000,1.11954,1.11961
01:38:11.000,1.11952,1.11959
01:38:16.000,1.11953,1.1196
01:38:18.000,1.11955,1.11962
01:38:19.000,1.11954,1.11961
01:38:20.000,1.11952,1.11959
01:38:21.000,1.11954,1.11961
01:38:22.000,1.11953,1.1196
01:38:24.000,1.11954,1.11961
01:38:27.000,1.11953,1.1196
01:38:28.000,1.11954,1.11961
01:38:30.000,1.11953,1.1196
01:38:31.000,1.11954,1.11961
01:38:32.000,1.11945,1.11952
01:38:33.000,1.11943,1.1195
01:38:34.000,1.11944,1.11951
01:38:36.000,1.11955,1.11962
01:38:38.000,1.11954,1.11961
01:38:39.000,1.11956,1.11963
01:38:41.000,1.11955,1.11962
01:39:00.000,1.11946,1.11953
01:39:01.000,1.11952,1.11959
01:39:02.000,1.11953,1.1196
01:39:03.000,1.11954,1.11961
01:39:07.000,1.11947,1.11954
01:39:08.000,1.11944,1.11951
01:39:11.000,1.11942,1.11949
01:39:17.000,1.11945,1.11952
01:39:18.000,1.11944,1.11951
01:39:19.000,1.11945,1.11952
01:39:25.000,1.11944,1.11951
01:39:26.000,1.11939,1.11946
01:39:27.000,1.11934,1.11941
01:39:28.000,1.11936,1.11943
01:39:32.000,1.11934,1.11941
01:39:33.000,1.11936,1.11943
01:39:36.000,1.11934,1.11941
01:39:46.000,1.11929,1.11936
01:39:47.000,1.11929,1.11936
01:39:48.000,1.11931,1.11938
01:39:57.000,1.11934,1.11941
01:40:03.000,1.11932,1.11939
01:40:04.000,1.11933,1.1194
01:40:06.000,1.11933,1.1194
01:40:08.000,1.11934,1.11941
01:40:18.000,1.1193,1.11937
01:40:19.000,1.11927,1.11934
01:40:21.000,1.11925,1.11932
01:40:22.000,1.11924,1.11931
01:40:24.000,1.1193,1.11937
01:40:27.000,1.11931,1.11938
01:40:28.000,1.11933,1.1194
01:40:30.000,1.1194,1.11947
01:40:31.000,1.11943,1.1195
01:40:33.000,1.11941,1.11948
01:40:37.000,1.11941,1.11948
01:40:39.000,1.1194,1.11947
01:40:45.000,1.11941,1.11948
01:40:57.000,1.11943,1.1195
01:40:58.000,1.11941,1.11948
01:41:04.000,1.11943,1.1195
01:41:14.000,1.1194,1.11947
01:41:16.000,1.11942,1.11949
01:41:26.000,1.11943,1.1195
01:41:28.000,1.11942,1.11949
01:41:34.000,1.11941,1.11948
01:41:37.000,1.11942,1.11949
01:41:41.000,1.11938,1.11945
01:41:44.000,1.11936,1.11943
01:41:45.000,1.11935,1.11942
01:41:52.000,1.11935,1.11942
01:42:03.000,1.11934,1.11941
01:42:27.000,1.11933,1.1194
01:42:39.000,1.11932,1.11939
01:42:44.000,1.11934,1.11941
01:42:48.000,1.11933,1.1194
01:43:24.000,1.11932,1.11939
01:43:30.000,1.11933,1.1194
01:43:40.000,1.11934,1.11941
01:43:41.000,1.11937,1.11944
01:43:42.000,1.11943,1.1195
01:43:44.000,1.11944,1.11951
01:44:01.000,1.11943,1.1195
01:44:48.000,1.11944,1.11951
01:44:58.000,1.11945,1.11952
01:44:59.000,1.11958,1.11965
01:45:00.000,1.11955,1.11962
01:45:01.000,1.11955,1.11962
01:45:05.000,1.11954,1.11961
01:45:07.000,1.11955,1.11962
01:45:09.000,1.11948,1.11955
01:45:10.000,1.11944,1.11951
01:45:11.000,1.11943,1.1195
01:45:13.000,1.11941,1.11948
01:45:15.000,1.11942,1.11949
01:45:16.000,1.11943,1.1195
01:45:17.000,1.11944,1.11951
01:45:24.000,1.11946,1.11953
01:45:25.000,1.11946,1.11953
01:45:29.000,1.11948,1.11955
01:45:31.000,1.1195,1.11957
01:45:32.000,1.11953,1.1196
01:45:50.000,1.11951,1.11958
01:45:51.000,1.11955,1.11962
01:45:52.000,1.11957,1.11964
01:45:55.000,1.1196,1.11967
01:45:56.000,1.11965,1.11972
01:45:57.000,1.11965,1.11972
01:46:06.000,1.11964,1.11971
01:46:08.000,1.11965,1.11972
01:46:12.000,1.11962,1.11969
01:46:33.000,1.11965,1.11972
01:46:37.000,1.11964,1.11971
01:46:44.000,1.11963,1.1197
01:46:45.000,1.11964,1.11971
01:46:49.000,1.11969,1.11976
01:46:50.000,1.11971,1.11978
01:46:51.000,1.11969,1.11976
01:46:52.000,1.11966,1.11973
01:46:56.000,1.1197,1.11977
01:46:58.000,1.11966,1.11973
01:46:59.000,1.11967,1.11974
01:47:01.000,1.11966,1.11973
01:47:08.000,1.11967,1.11974
01:47:28.000,1.11966,1.11973
01:47:34.000,1.11982,1.11989
01:47:35.000,1.11985,1.11992
01:47:58.000,1.11986,1.11993
01:48:02.000,1.11985,1.11992
01:48:05.000,1.11986,1.11993
01:48:07.000,1.11987,1.11994
01:48:08.000,1.11989,1.11996
01:48:10.000,1.11985,1.11992
01:48:11.000,1.11984,1.11991
01:48:19.000,1.11985,1.11992
01:48:25.000,1.11989,1.11996
01:48:28.000,1.11984,1.11991
01:48:29.000,1.11983,1.1199
01:48:30.000,1.11984,1.11991
01:48:34.000,1.11985,1.11992
01:48:35.000,1.11983,1.1199
01:48:41.000,1.11985,1.11992
01:48:42.000,1.11984,1.11991
01:48:43.000,1.11984,1.11991
01:48:44.000,1.11985,1.11992
01:48:45.000,1.11987,1.11994
01:48:46.000,1.11988,1.11995
01:48:48.000,1.11987,1.11994
01:48:51.000,1.11988,1.11995
01:49:00.000,1.1199,1.11997
01:49:02.000,1.11988,1.11995
01:49:08.000,1.11985,1.11992
01:49:09.000,1.11984,1.11991
01:49:28.000,1.11983,1.1199
01:49:35.000,1.11984,1.11991
01:49:41.000,1.11983,1.1199
01:49:42.000,1.11982,1.11989
01:49:47.000,1.11983,1.1199
01:49:56.000,1.11982,1.11989
01:50:02.000,1.11976,1.11983
01:50:08.000,1.11977,1.11984
01:50:10.000,1.11983,1.1199
01:50:20.000,1.11985,1.11992
01:50:21.000,1.11985,1.11992
01:50:27.000,1.1199,1.11997
01:50:34.000,1.11985,1.11992
01:50:42.000,1.11982,1.11989
01:50:44.000,1.11983,1.1199
01:50:52.000,1.11982,1.11989
01:50:53.000,1.11979,1.11986
01:50:54.000,1.11979,1.11986
01:50:55.000,1.11975,1.11982
01:50:56.000,1.11978,1.11985
01:50:57.000,1.11983,1.1199
01:50:58.000,1.11982,1.11989
01:50:59.000,1.11984,1.11991
01:51:00.000,1.11983,1.1199
01:51:02.000,1.11979,1.11986
01:51:03.000,1.11982,1.11989
01:51:05.000,1.11983,1.1199
01:51:10.000,1.11982,1.11989
01:51:11.000,1.11981,1.11988
01:51:14.000,1.11982,1.11989
01:51:15.000,1.11983,1.1199
01:51:22.000,1.11985,1.11992
01:51:24.000,1.11984,1.11991
01:51:55.000,1.11985,1.11992
01:52:03.000,1.11987,1.11994
01:52:05.000,1.11989,1.11996
01:52:06.000,1.11985,1.11992
01:52:07.000,1.1199,1.11997
01:52:10.000,1.1199,1.11997
01:52:20.000,1.11987,1.11994
01:52:21.000,1.11988,1.11995
01:52:22.000,1.11991,1.11998
01:52:25.000,1.11989,1.11996
01:52:32.000,1.1199,1.11997
01:53:04.000,1.11992,1.11999
01:53:28.000,1.11991,1.11998
01:53:42.000,1.11994,1.12001
01:53:43.000,1.11995,1.12002
01:53:45.000,1.11996,1.12003
01:54:08.000,1.11995,1.12002
01:54:21.000,1.11994,1.12001
01:54:22.000,1.11993,1.12
01:54:30.000,1.11993,1.12
01:54:31.000,1.11994,1.12001
01:54:48.000,1.11993,1.12
01:54:58.000,1.11995,1.12002
01:55:04.000,1.11993,1.12
01:55:09.000,1.11994,1.12001
01:55:11.000,1.11993,1.12
01:55:16.000,1.11999,1.12006
01:55:17.000,1.11994,1.12001
01:55:18.000,1.12001,1.12008
01:55:19.000,1.12001,1.12008
01:55:20.000,1.12014,1.12021
01:55:21.000,1.12015,1.12022
01:55:26.000,1.12031,1.12038
01:55:27.000,1.12037,1.12044
01:55:28.000,1.12043,1.1205
01:55:29.000,1.12044,1.12051
01:55:32.000,1.12045,1.12052
01:55:33.000,1.12058,1.12065
01:55:34.000,1.12062,1.12071
01:55:35.000,1.12064,1.12073
01:55:36.000,1.12067,1.12076
01:55:37.000,1.12065,1.12074
01:55:39.000,1.12067,1.12076
01:55:40.000,1.12065,1.12074
01:55:42.000,1.12063,1.12072
01:55:43.000,1.12057,1.12066
01:55:44.000,1.12065,1.12072
01:55:45.000,1.12064,1.12071
01:55:46.000,1.12065,1.12072
01:55:47.000,1.12063,1.1207
01:55:48.000,1.12061,1.12068
01:55:49.000,1.12065,1.12072
01:55:50.000,1.12067,1.12074
01:55:51.000,1.12063,1.1207
01:55:52.000,1.12064,1.12071
01:55:53.000,1.1206,1.12067
01:55:54.000,1.12057,1.12064
01:55:55.000,1.1206,1.12067
01:55:56.000,1.12059,1.12066
01:55:58.000,1.12059,1.12066
01:55:59.000,1.1206,1.12067
01:56:00.000,1.12057,1.12064
01:56:01.000,1.12056,1.12063
01:56:02.000,1.12052,1.12059
01:56:06.000,1.1205,1.12057
01:56:07.000,1.12049,1.12056
01:56:08.000,1.12044,1.12051
01:56:10.000,1.12036,1.12043
01:56:11.000,1.12039,1.12046
01:56:14.000,1.12032,1.12039
01:56:16.000,1.12035,1.12042
01:56:18.000,1.12034,1.12041
01:56:20.000,1.12043,1.1205
01:56:24.000,1.12039,1.12046
01:56:25.000,1.12033,1.1204
01:56:30.000,1.12013,1.1202
01:56:31.000,1.12013,1.1202
01:56:32.000,1.12014,1.12021
01:56:33.000,1.12013,1.12022
01:56:41.000,1.12012,1.12021
01:56:42.000,1.12015,1.12022
01:56:45.000,1.12015,1.12022
01:56:47.000,1.12015,1.12022
01:56:48.000,1.12005,1.12012
01:56:49.000,1.12003,1.1201
01:56:54.000,1.12005,1.12012
01:56:55.000,1.12004,1.12011
01:57:08.000,1.11994,1.12001
01:57:09.000,1.11999,1.12006
01:57:10.000,1.12003,1.1201
01:57:11.000,1.12001,1.12008
01:57:13.000,1.12002,1.12009
01:57:16.000,1.11997,1.12004
01:57:17.000,1.11996,1.12003
01:57:20.000,1.11994,1.12001
01:57:26.000,1.11993,1.12
01:57:27.000,1.11994,1.12001
01:57:34.000,1.11992,1.11999
01:57:37.000,1.11992,1.11999
01:57:50.000,1.11992,1.11999
01:57:54.000,1.11994,1.12001
01:57:58.000,1.11992,1.11999
01:58:00.000,1.11989,1.11996
01:58:01.000,1.1199,1.11997
01:58:04.000,1.11989,1.11996
01:58:08.000,1.11984,1.11991
01:58:09.000,1.11981,1.11988
01:58:10.000,1.11981,1.11988
01:58:14.000,1.11981,1.11988
01:58:15.000,1.11981,1.11988
01:58:33.000,1.11982,1.11989
01:58:34.000,1.11993,1.12
01:58:36.000,1.11994,1.12001
01:58:37.000,1.11991,1.11998
01:58:55.000,1.11985,1.11992
01:58:56.000,1.11983,1.1199
01:58:57.000,1.11983,1.1199
01:58:58.000,1.11985,1.11992
01:59:00.000,1.11984,1.11991
01:59:01.000,1.11986,1.11993
01:59:02.000,1.11986,1.11993
01:59:03.000,1.11984,1.11991
01:59:04.000,1.11983,1.1199
01:59:05.000,1.11985,1.11992
01:59:08.000,1.11988,1.11995
01:59:09.000,1.11987,1.11994
01:59:10.000,1.11988,1.11995
01:59:12.000,1.11989,1.11996
01:59:13.000,1.11989,1.11996
01:59:18.000,1.11984,1.11991
01:59:19.000,1.11982,1.11989
01:59:24.000,1.11981,1.11988
01:59:25.000,1.11982,1.11989
01:59:28.000,1.1198,1.11987
01:59:30.000,1.11974,1.11981
01:59:31.000,1.1197,1.11977
01:59:42.000,1.11978,1.11985
01:59:43.000,1.11975,1.11982
01:59:44.000,1.11974,1.11981
01:59:51.000,1.11971,1.11978
01:59:54.000,1.11971,1.11978
01:59:55.000,1.11968,1.1198
01:59:57.000,1.11968,1.1198
01:59:58.000,1.11964,1.11976
01:59:59.000,1.11963,1.11975
02:00:00.000,1.11969,1.11981
02:00:01.000,1.11962,1.11974
02:00:02.000,1.11968,1.1198
02:00:03.000,1.11971,1.11983
02:00:09.000,1.11972,1.11984
02:00:14.000,1.11974,1.11986
02:00:15.000,1.11971,1.11983
02:00:16.000,1.1197,1.11982
02:00:17.000,1.11971,1.11983
02:00:19.000,1.11973,1.11985
02:00:21.000,1.11972,1.11984
02:00:30.000,1.11974,1.11981
02:00:39.000,1.11979,1.11986
02:00:40.000,1.11983,1.1199
02:00:41.000,1.11985,1.11992
02:00:58.000,1.11985,1.11992
02:01:21.000,1.11986,1.11993
02:01:22.000,1.11986,1.11993
02:01:26.000,1.11988,1.11995
02:01:28.000,1.11989,1.11996
02:01:35.000,1.11985,1.11992
02:01:41.000,1.11984,1.11991
02:01:42.000,1.11972,1.11979
02:01:44.000,1.11974,1.11981
02:01:45.000,1.1197,1.11977
02:01:46.000,1.11969,1.11976
02:01:47.000,1.11962,1.11969
02:01:51.000,1.11961,1.11968
02:02:08.000,1.1196,1.11967
02:02:12.000,1.11961,1.11968
02:02:14.000,1.11962,1.11969
02:02:26.000,1.11963,1.1197
02:02:28.000,1.11967,1.11974
02:02:29.000,1.11965,1.11972
02:02:36.000,1.11965,1.11972
02:02:37.000,1.11964,1.11971
02:02:50.000,1.11963,1.1197
02:02:55.000,1.11962,1.11969
02:02:56.000,1.11964,1.11971
02:03:32.000,1.11963,1.1197
02:04:00.000,1.11965,1.11972
02:04:01.000,1.11964,1.11971
02:04:09.000,1.11963,1.1197
02:04:12.000,1.11964,1.11971
02:04:32.000,1.11965,1.11972
02:04:48.000,1.11964,1.11971
02:04:54.000,1.11965,1.11972
02:05:00.000,1.11965,1.11972
02:05:12.000,1.11964,1.11971
02:05:28.000,1.11956,1.11963
02:05:29.000,1.1196,1.11967
02:05:30.000,1.11961,1.11968
02:05:40.000,1.11964,1.11971
02:05:45.000,1.11969,1.11976
02:05:46.000,1.11973,1.1198
02:06:00.000,1.11974,1.11981
02:06:01.000,1.11973,1.1198
02:06:02.000,1.11966,1.11973
02:06:03.000,1.11966,1.11973
02:06:05.000,1.11964,1.11971
02:06:06.000,1.11965,1.11972
02:06:17.000,1.11964,1.11971
02:06:18.000,1.11965,1.11972
02:06:19.000,1.11964,1.11971
02:06:29.000,1.11963,1.1197
02:06:33.000,1.11964,1.11971
02:06:41.000,1.11965,1.11972
02:06:43.000,1.11966,1.11973
02:06:45.000,1.11965,1.11972
02:06:47.000,1.11971,1.11978
02:06:55.000,1.11965,1.11972
02:06:56.000,1.11964,1.11971
02:06:59.000,1.11965,1.11972
02:07:00.000,1.11969,1.11976
02:07:01.000,1.1197,1.11977
02:07:02.000,1.11964,1.11971
02:07:23.000,1.11965,1.11972
02:07:24.000,1.11964,1.11971
02:07:26.000,1.11967,1.11974
02:07:27.000,1.11968,1.11975
02:07:31.000,1.11967,1.11974
02:07:34.000,1.11966,1.11973
02:07:37.000,1.11968,1.11975
02:07:38.000,1.11973,1.1198
02:07:55.000,1.11974,1.11981
02:08:00.000,1.11975,1.11982
02:08:01.000,1.11974,1.11981
02:08:02.000,1.11973,1.1198
02:08:19.000,1.11972,1.11979
02:08:51.000,1.11974,1.11981
02:08:54.000,1.11972,1.11979
02:09:08.000,1.11973,1.1198
02:09:11.000,1.11974,1.11981
02:09:25.000,1.11972,1.11979
02:09:26.000,1.11971,1.11978
02:09:31.000,1.11971,1.11978
02:09:32.000,1.11974,1.11981
02:09:38.000,1.11975,1.11982
02:09:40.000,1.11973,1.1198
02:09:45.000,1.11974,1.11981
02:09:51.000,1.11972,1.11979
02:09:53.000,1.11972,1.11979
02:09:58.000,1.1197,1.11977
02:10:00.000,1.11972,1.11979
02:10:01.000,1.11974,1.11981
02:10:02.000,1.11972,1.11979
02:10:03.000,1.11971,1.11978
02:10:08.000,1.11972,1.11979
02:10:09.000,1.11972,1.11979
02:10:10.000,1.11973,1.1198
02:10:16.000,1.11974,1.11981
02:10:18.000,1.11972,1.11979
02:10:26.000,1.11974,1.11981
02:10:40.000,1.11975,1.11982
02:10:56.000,1.11973,1.1198
02:10:58.000,1.11975,1.11982
02:10:59.000,1.11976,1.11983
02:11:01.000,1.11975,1.11982
02:11:08.000,1.11974,1.11981
02:11:09.000,1.11975,1.11982
02:11:28.000,1.11974,1.11981
02:11:38.000,1.11975,1.11982
02:11:40.000,1.11974,1.11981
02:11:52.000,1.11973,1.1198
02:11:59.000,1.11965,1.11972
02:12:01.000,1.11968,1.11975
02:12:05.000,1.11973,1.1198
02:12:18.000,1.11974,1.11981
02:12:33.000,1.11965,1.11972
02:12:34.000,1.11966,1.11973
02:12:44.000,1.11964,1.11971
02:12:45.000,1.11957,1.11964
02:12:46.000,1.11959,1.11966
02:12:48.000,1.11957,1.11964
02:13:05.000,1.1196,1.11967
02:13:19.000,1.11954,1.11961
02:13:22.000,1.11953,1.1196
02:13:33.000,1.11952,1.11959
02:13:37.000,1.11943,1.1195
02:13:38.000,1.11942,1.11949
02:13:39.000,1.11943,1.1195
02:13:42.000,1.11944,1.11951
02:13:43.000,1.11945,1.11952
02:13:46.000,1.11939,1.11946
02:13:47.000,1.11943,1.1195
02:13:48.000,1.11942,1.11949
02:13:49.000,1.1194,1.11947
02:13:50.000,1.1194,1.11947
02:13:52.000,1.11934,1.11941
02:13:53.000,1.11935,1.11942
02:13:55.000,1.11934,1.11941
02:13:59.000,1.11931,1.11938
02:14:01.000,1.11933,1.1194
02:14:09.000,1.11934,1.11941
02:14:23.000,1.11936,1.11943
02:14:24.000,1.11941,1.11948
02:14:26.000,1.11942,1.11949
02:14:29.000,1.11941,1.11948
02:14:38.000,1.11943,1.1195
02:14:44.000,1.11943,1.1195
02:14:45.000,1.11944,1.11951
02:14:50.000,1.11945,1.11952
02:14:52.000,1.11944,1.11951
02:15:01.000,1.11944,1.11951
02:15:04.000,1.11946,1.11953
02:15:05.000,1.11945,1.11952
02:15:08.000,1.11944,1.11951
02:15:12.000,1.11945,1.11952
02:15:20.000,1.11944,1.11951
02:15:28.000,1.11954,1.11961
02:15:45.000,1.11953,1.1196
02:15:49.000,1.11945,1.11952
02:15:51.000,1.11944,1.11951
02:15:52.000,1.11946,1.11953
02:15:53.000,1.11944,1.11951
02:16:09.000,1.11945,1.11952
02:16:10.000,1.11948,1.11955
02:16:11.000,1.11945,1.11952
02:16:20.000,1.11945,1.11952
02:16:23.000,1.11943,1.1195
02:16:24.000,1.11935,1.11942
02:16:25.000,1.11934,1.11941
02:16:26.000,1.11933,1.1194
02:16:40.000,1.11925,1.11932
02:16:41.000,1.11923,1.1193
02:16:43.000,1.11923,1.1193
02:16:44.000,1.11922,1.11929
02:16:48.000,1.11923,1.1193
02:16:55.000,1.11924,1.11931
02:17:14.000,1.11914,1.11921
02:17:19.000,1.11915,1.11922
02:17:20.000,1.1192,1.11927
02:17:22.000,1.11922,1.11929
02:17:23.000,1.11923,1.1193
02:17:24.000,1.11924,1.11931
02:17:25.000,1.11922,1.11929
02:17:30.000,1.11923,1.1193
02:17:31.000,1.11922,1.11929
02:17:35.000,1.11923,1.1193
02:17:39.000,1.11924,1.11931
02:17:40.000,1.11923,1.1193
02:17:46.000,1.11924,1.11931
02:17:51.000,1.11923,1.1193
02:18:00.000,1.11922,1.11929
02:18:39.000,1.11921,1.11928
02:18:57.000,1.11917,1.11924
02:18:58.000,1.11922,1.11929
02:19:03.000,1.11923,1.1193
02:19:23.000,1.11924,1.11931
02:19:32.000,1.11925,1.11932
02:19:33.000,1.11923,1.1193
02:19:36.000,1.11921,1.11928
02:19:39.000,1.1192,1.11927
02:19:42.000,1.11921,1.11928
02:19:54.000,1.1192,1.11927
02:20:04.000,1.11921,1.11928
02:20:08.000,1.1192,1.11927
02:20:11.000,1.11915,1.11922
02:20:12.000,1.11912,1.11919
02:20:21.000,1.11915,1.11922
02:20:22.000,1.11911,1.11918
02:20:28.000,1.11903,1.1191
02:20:29.000,1.119,1.11907
02:20:30.000,1.11901,1.11908
02:20:52.000,1.11892,1.11899
02:20:53.000,1.11894,1.11901
02:20:54.000,1.119,1.11907
02:20:55.000,1.11901,1.11908
02:20:56.000,1.11902,1.11909
02:20:59.000,1.119,1.11907
02:21:05.000,1.11893,1.119
02:21:06.000,1.11893,1.119
02:21:07.000,1.11893,1.119
02:21:21.000,1.11891,1.11898
02:21:22.000,1.11893,1.119
02:21:23.000,1.11894,1.11901
02:21:24.000,1.11892,1.11899
02:21:29.000,1.11899,1.11906
02:21:30.000,1.11896,1.11903
02:21:31.000,1.11893,1.119
02:21:32.000,1.11893,1.119
02:21:33.000,1.11893,1.119
02:21:35.000,1.11892,1.11899
02:21:46.000,1.11894,1.11901
02:21:49.000,1.11894,1.11901
02:21:50.000,1.1189,1.11897
02:21:52.000,1.11889,1.11896
02:21:54.000,1.11891,1.11898
02:22:08.000,1.11892,1.11899
02:22:25.000,1.11892,1.11899
02:22:28.000,1.11891,1.11898
02:22:33.000,1.1189,1.11897
02:22:34.000,1.11892,1.11899
02:22:35.000,1.11891,1.11898
02:22:37.000,1.11886,1.11893
02:22:38.000,1.11882,1.11889
02:22:39.000,1.11882,1.11889
02:22:45.000,1.11879,1.11886
02:22:46.000,1.11873,1.1188
02:22:47.000,1.11875,1.11882
02:22:48.000,1.11874,1.11881
02:22:49.000,1.11875,1.11882
02:22:50.000,1.11875,1.11882
02:22:51.000,1.11879,1.11886
02:22:52.000,1.11878,1.11885
02:22:53.000,1.11876,1.11883
02:22:56.000,1.11877,1.11884
02:22:59.000,1.11875,1.11882
02:23:00.000,1.11873,1.1188
02:23:01.000,1.11874,1.11881
02:23:02.000,1.11873,1.1188
02:23:16.000,1.11872,1.11879
02:23:21.000,1.11867,1.11874
02:23:22.000,1.1186,1.11867
02:23:23.000,1.11856,1.11863
02:23:24.000,1.11851,1.11858
02:23:25.000,1.11852,1.11859
02:23:26.000,1.1185,1.11857
02:23:27.000,1.11853,1.1186
02:23:28.000,1.11854,1.11861
02:23:29.000,1.11847,1.11854
02:23:30.000,1.11843,1.1185
02:23:32.000,1.11838,1.11845
02:23:33.000,1.11843,1.1185
02:23:34.000,1.11842,1.11849
02:23:35.000,1.11849,1.11856
02:23:36.000,1.11846,1.11853
02:23:37.000,1.11844,1.11851
02:23:38.000,1.11843,1.1185
02:23:39.000,1.11844,1.11851
02:23:41.000,1.11842,1.11849
02:23:44.000,1.11844,1.11851
02:23:47.000,1.11843,1.1185
02:23:53.000,1.11835,1.11842
02:23:55.000,1.11837,1.11844
02:23:59.000,1.11844,1.11851
02:24:03.000,1.11843,1.1185
02:24:05.000,1.11844,1.11851
02:24:11.000,1.11853,1.1186
02:24:12.000,1.11857,1.11864
02:24:20.000,1.11856,1.11863
02:24:25.000,1.11848,1.11855
02:24:26.000,1.11853,1.1186
02:24:27.000,1.11853,1.1186
02:24:28.000,1.11854,1.11861
02:24:29.000,1.11854,1.11861
02:24:37.000,1.11853,1.1186
02:24:39.000,1.1185,1.11857
02:24:40.000,1.11854,1.11861
02:24:43.000,1.11855,1.11862
02:24:45.000,1.11862,1.11869
02:24:46.000,1.11863,1.1187
02:24:49.000,1.11865,1.11872
02:24:56.000,1.11864,1.11871
02:25:00.000,1.11865,1.11872
02:25:08.000,1.11863,1.1187
02:25:09.000,1.11855,1.11862
02:25:12.000,1.11854,1.11861
02:25:13.000,1.11851,1.11858
02:25:14.000,1.11854,1.11861
02:25:19.000,1.11854,1.11861
02:25:22.000,1.11855,1.11862
02:25:28.000,1.11854,1.11861
02:25:30.000,1.11856,1.11863
02:25:31.000,1.11855,1.11862
02:25:36.000,1.11854,1.11861
02:25:38.000,1.11844,1.11851
02:25:39.000,1.11842,1.11849
02:25:41.000,1.11835,1.11842
02:25:43.000,1.11837,1.11844
02:25:44.000,1.11842,1.11849
02:25:45.000,1.11843,1.1185
02:25:48.000,1.11842,1.11849
02:25:51.000,1.11843,1.1185
02:25:52.000,1.11844,1.11851
02:25:53.000,1.11843,1.1185
02:25:57.000,1.11852,1.11859
02:25:58.000,1.11855,1.11862
02:26:12.000,1.11846,1.11853
02:26:13.000,1.11845,1.11852
02:26:14.000,1.11848,1.11855
02:26:15.000,1.11851,1.11858
02:26:23.000,1.11853,1.1186
02:26:24.000,1.11851,1.11858
02:26:28.000,1.11852,1.11859
02:26:29.000,1.11844,1.11851
02:26:30.000,1.11844,1.11851
02:26:31.000,1.11842,1.11849
02:26:33.000,1.11841,1.11848
02:26:34.000,1.11842,1.11849
02:26:35.000,1.11836,1.11843
02:26:36.000,1.11835,1.11842
02:26:37.000,1.11837,1.11844
02:26:38.000,1.11836,1.11843
02:26:39.000,1.11839,1.11846
02:26:40.000,1.11841,1.11848
02:26:42.000,1.11835,1.11842
02:26:47.000,1.11834,1.11841
02:26:48.000,1.11835,1.11842
02:26:56.000,1.11834,1.11841
02:27:05.000,1.11841,1.11848
02:27:08.000,1.1184,1.11847
02:27:10.000,1.11841,1.11848
02:27:12.000,1.11836,1.11843
02:27:13.000,1.11834,1.11841
02:27:16.000,1.11834,1.11841
02:27:19.000,1.11834,1.11841
02:27:20.000,1.11833,1.1184
02:27:24.000,1.1184,1.11847
02:27:27.000,1.11841,1.11848
02:27:28.000,1.11842,1.11849
02:27:35.000,1.11838,1.11845
02:27:36.000,1.1184,1.11847
02:27:38.000,1.1184,1.11847
02:27:39.000,1.11839,1.11846
02:27:40.000,1.11842,1.11849
02:27:43.000,1.11843,1.1185
02:27:56.000,1.11837,1.11844
02:27:57.000,1.11831,1.11838
02:28:00.000,1.11824,1.11831
02:28:05.000,1.11821,1.11828
02:28:06.000,1.11814,1.11821
02:28:07.000,1.11807,1.11814
02:28:08.000,1.11808,1.11815
02:28:10.000,1.11801,1.11808
02:28:11.000,1.11793,1.118
02:28:12.000,1.11801,1.11808
02:28:13.000,1.11803,1.1181
02:28:23.000,1.11813,1.1182
02:28:24.000,1.11815,1.11822
02:28:26.000,1.11814,1.11821
02:28:27.000,1.11813,1.1182
02:28:30.000,1.11814,1.11821
02:28:31.000,1.11815,1.11822
02:28:34.000,1.11814,1.11821
02:28:35.000,1.11815,1.11822
02:28:36.000,1.11816,1.11823
02:28:42.000,1.11814,1.11821
02:28:47.000,1.11814,1.11821
02:28:50.000,1.11814,1.11821
02:28:55.000,1.11813,1.1182
02:28:56.000,1.11814,1.11821
02:28:57.000,1.11813,1.1182
02:29:12.000,1.11814,1.11821
02:29:20.000,1.11813,1.1182
02:29:23.000,1.11814,1.11821
02:29:28.000,1.11817,1.11824
02:29:29.000,1.11814,1.11821
02:29:30.000,1.11815,1.11822
02:29:31.000,1.11822,1.11829
02:29:38.000,1.11821,1.11828
02:29:42.000,1.11822,1.11829
02:29:43.000,1.11823,1.1183
02:29:46.000,1.11821,1.11828
02:29:47.000,1.11817,1.11824
02:29:48.000,1.11816,1.11823
02:29:50.000,1.11814,1.11821
02:29:51.000,1.11815,1.11822
02:29:57.000,1.11814,1.11821
02:29:59.000,1.11815,1.11822
02:30:00.000,1.1181,1.11817
02:30:01.000,1.11813,1.1182
02:30:02.000,1.11811,1.11818
02:30:05.000,1.11812,1.11819
02:30:06.000,1.11811,1.11818
02:30:12.000,1.11804,1.11811
02:30:13.000,1.11803,1.1181
02:30:15.000,1.11794,1.11801
02:30:16.000,1.11791,1.11798
02:30:17.000,1.11792,1.11799
02:30:19.000,1.11791,1.11798
02:30:20.000,1.11792,1.11799
02:30:21.000,1.11793,1.118
02:30:28.000,1.11797,1.11804
02:30:38.000,1.11805,1.11812
02:30:41.000,1.11804,1.11811
02:30:44.000,1.11813,1.1182
02:30:50.000,1.11816,1.11823
02:30:51.000,1.11815,1.11822
02:30:54.000,1.11816,1.11823
02:30:55.000,1.11817,1.11824
02:30:56.000,1.11817,1.11824
02:30:59.000,1.11826,1.11833
02:31:00.000,1.11827,1.11834
02:31:01.000,1.11829,1.11836
02:31:02.000,1.11834,1.11841
02:31:05.000,1.11826,1.11833
02:31:06.000,1.11832,1.11839
02:31:08.000,1.11826,1.11833
02:31:09.000,1.11825,1.11832
02:31:14.000,1.11824,1.11831
02:31:19.000,1.11825,1.11832
02:31:26.000,1.11826,1.11833
02:31:27.000,1.11832,1.11839
02:31:28.000,1.11836,1.11843
02:31:29.000,1.11835,1.11842
02:31:42.000,1.11833,1.1184
02:31:45.000,1.11835,1.11842
02:31:46.000,1.11835,1.11842
02:31:48.000,1.11836,1.11843
02:32:00.000,1.11845,1.11852
02:32:01.000,1.11844,1.11851
02:32:04.000,1.11845,1.11852
02:32:21.000,1.11846,1.11853
02:32:24.000,1.11845,1.11852
02:32:26.000,1.11848,1.11855
02:32:27.000,1.11845,1.11852
02:32:28.000,1.11844,1.11851
02:32:29.000,1.11845,1.11852
02:32:34.000,1.11844,1.11851
02:32:39.000,1.11834,1.11841
02:32:40.000,1.11834,1.11841
02:32:43.000,1.11833,1.1184
02:32:44.000,1.11832,1.11839
02:32:55.000,1.11833,1.1184
02:32:56.000,1.1184,1.11847
02:32:57.000,1.11842,1.11849
02:32:58.000,1.11841,1.11848
02:32:59.000,1.11835,1.11842
02:33:04.000,1.11837,1.11844
02:33:05.000,1.11838,1.11845
02:33:06.000,1.11839,1.11846
02:33:07.000,1.11841,1.11848
02:33:08.000,1.11842,1.11849
02:33:49.000,1.11845,1.11852
02:33:50.000,1.11843,1.1185
02:33:52.000,1.11842,1.11849
02:33:55.000,1.11843,1.1185
02:33:57.000,1.11846,1.11853
02:33:58.000,1.11843,1.1185
02:33:59.000,1.11842,1.11849
02:34:04.000,1.11843,1.1185
02:34:08.000,1.11844,1.11851
02:34:30.000,1.11843,1.1185
02:35:08.000,1.11842,1.11849
02:35:23.000,1.11846,1.11853
02:35:24.000,1.11844,1.11851
02:35:27.000,1.11842,1.11849
02:36:28.000,1.11842,1.11849
02:36:52.000,1.11841,1.11848
02:36:55.000,1.1184,1.11847
02:36:57.000,1.11841,1.11848
02:36:58.000,1.1184,1.11847
02:37:02.000,1.11843,1.1185
02:37:19.000,1.1184,1.11847
02:37:49.000,1.11841,1.11848
02:37:56.000,1.11834,1.11841
02:37:57.000,1.11833,1.1184
02:38:04.000,1.11832,1.11839
02:38:08.000,1.11831,1.11838
02:38:29.000,1.11829,1.11836
02:38:30.000,1.11829,1.11836
02:38:36.000,1.11813,1.1182
02:38:37.000,1.11812,1.11819
02:38:38.000,1.11811,1.11818
02:38:47.000,1.11819,1.11826
02:38:48.000,1.1182,1.11827
02:38:49.000,1.11819,1.11826
02:38:50.000,1.11805,1.11812
02:38:51.000,1.11802,1.11809
02:38:52.000,1.11803,1.1181
02:38:53.000,1.11801,1.11808
02:38:54.000,1.11803,1.1181
02:38:57.000,1.11804,1.11811
02:38:59.000,1.11808,1.11815
02:39:00.000,1.1181,1.11817
02:39:08.000,1.11812,1.11819
02:39:19.000,1.11802,1.11809
02:39:30.000,1.11803,1.1181
02:39:31.000,1.11805,1.11812
02:39:32.000,1.11806,1.11813
02:39:39.000,1.11805,1.11812
02:39:40.000,1.11806,1.11813
02:39:41.000,1.11805,1.11812
02:39:43.000,1.11804,1.11811
02:39:44.000,1.11805,1.11812
02:39:45.000,1.11804,1.11811
02:39:46.000,1.11805,1.11812
02:39:47.000,1.11804,1.11811
02:39:48.000,1.11805,1.11812
02:39:50.000,1.11804,1.11811
02:39:53.000,1.11804,1.11811
02:39:56.000,1.11803,1.1181
02:40:06.000,1.11801,1.11808
02:40:07.000,1.11802,1.11809
02:40:09.000,1.11798,1.11805
02:40:10.000,1.11802,1.11809
02:40:12.000,1.11803,1.1181
02:40:21.000,1.11811,1.11818
02:40:22.000,1.11812,1.11819
02:40:24.000,1.1181,1.11817
02:40:26.000,1.11809,1.11816
02:40:27.000,1.11807,1.11814
02:40:28.000,1.118,1.11807
02:40:31.000,1.11802,1.11809
02:40:32.000,1.11811,1.11818
02:40:35.000,1.11813,1.1182
02:40:37.000,1.11809,1.11816
02:40:38.000,1.11802,1.11809
02:40:43.000,1.118,1.11807
02:40:48.000,1.11799,1.11806
02:40:49.000,1.11801,1.11808
02:40:55.000,1.11805,1.11812
02:40:57.000,1.11794,1.11801
02:40:58.000,1.11793,1.118
02:41:01.000,1.11794,1.11801
02:41:08.000,1.11797,1.11804
02:41:09.000,1.11796,1.11803
02:41:15.000,1.11799,1.11806
02:41:16.000,1.11801,1.11808
02:41:18.000,1.118,1.11807
02:41:21.000,1.11805,1.11812
02:41:22.000,1.11803,1.1181
02:41:27.000,1.11802,1.11809
02:41:28.000,1.11807,1.11814
02:41:29.000,1.11811,1.11818
02:41:34.000,1.11805,1.11812
02:41:39.000,1.11802,1.11809
02:41:42.000,1.11795,1.11802
02:41:43.000,1.11794,1.11801
02:41:44.000,1.11793,1.118
02:41:45.000,1.11796,1.11803
02:41:50.000,1.11793,1.118
02:41:52.000,1.11794,1.11801
02:41:54.000,1.11795,1.11802
02:41:56.000,1.11793,1.118
02:42:03.000,1.11794,1.11801
02:42:05.000,1.11792,1.11799
02:42:09.000,1.11788,1.11795
02:42:13.000,1.1179,1.11797
02:42:14.000,1.11791,1.11798
02:42:18.000,1.11795,1.11802
02:42:21.000,1.11799,1.11806
02:42:22.000,1.11799,1.11806
02:42:24.000,1.11798,1.11805
02:42:25.000,1.11794,1.11801
02:42:26.000,1.11794,1.11801
02:42:28.000,1.11792,1.11799
02:42:37.000,1.11788,1.11795
02:42:38.000,1.11787,1.11794
02:42:39.000,1.11783,1.1179
02:42:40.000,1.11784,1.11791
02:42:41.000,1.11778,1.11785
02:42:42.000,1.11781,1.11788
02:42:45.000,1.11775,1.11782
02:42:46.000,1.11774,1.11781
02:42:49.000,1.11776,1.11783
02:42:50.000,1.11777,1.11784
02:42:51.000,1.11775,1.11782
02:42:57.000,1.11782,1.11789
02:42:58.000,1.11786,1.11793
02:43:04.000,1.11787,1.11794
02:43:06.000,1.11794,1.11801
02:43:07.000,1.11795,1.11802
02:43:08.000,1.11796,1.11803
02:43:10.000,1.11798,1.11805
02:43:13.000,1.11797,1.11804
02:43:27.000,1.11798,1.11805
02:43:28.000,1.11804,1.11811
02:43:29.000,1.11807,1.11814
02:43:31.000,1.11808,1.11815
02:43:34.000,1.11807,1.11814
02:43:41.000,1.11806,1.11813
02:43:43.000,1.11805,1.11812
02:43:44.000,1.11797,1.11804
02:43:46.000,1.11796,1.11803
02:44:03.000,1.11799,1.11806
02:44:04.000,1.11803,1.1181
02:44:06.000,1.11797,1.11804
02:44:07.000,1.118,1.11807
02:44:08.000,1.11803,1.1181
02:44:11.000,1.11804,1.11811
02:44:17.000,1.11806,1.11813
02:45:08.000,1.11805,1.11812
02:45:16.000,1.11804,1.11811
02:45:17.000,1.11805,1.11812
02:45:20.000,1.11804,1.11811
02:45:21.000,1.11802,1.11809
02:45:44.000,1.11798,1.11805
02:45:45.000,1.11794,1.11801
02:45:46.000,1.11793,1.118
02:45:48.000,1.11794,1.11801
02:45:56.000,1.11794,1.11801
02:45:57.000,1.11793,1.118
02:46:04.000,1.11788,1.11795
02:46:05.000,1.11783,1.1179
02:46:22.000,1.11781,1.11788
02:46:25.000,1.11781,1.11788
02:46:26.000,1.11773,1.1178
02:46:28.000,1.11772,1.11779
02:46:31.000,1.11773,1.1178
02:46:33.000,1.11775,1.11782
02:46:34.000,1.11777,1.11784
02:46:35.000,1.11783,1.1179
02:46:36.000,1.11784,1.11791
02:46:37.000,1.11783,1.1179
02:46:40.000,1.11784,1.11791
02:46:41.000,1.11788,1.11795
02:46:42.000,1.11792,1.11799
02:46:44.000,1.11791,1.11798
02:46:46.000,1.11797,1.11804
02:47:08.000,1.11798,1.11805
02:47:24.000,1.11796,1.11803
02:47:25.000,1.11793,1.118
02:47:30.000,1.11786,1.11793
02:47:35.000,1.11789,1.11796
02:47:36.000,1.11791,1.11798
02:47:37.000,1.11792,1.11799
02:47:46.000,1.11776,1.11783
02:47:47.000,1.11775,1.11782
02:47:55.000,1.11784,1.11791
02:47:58.000,1.11775,1.11782
02:47:59.000,1.11775,1.11782
02:48:01.000,1.11758,1.11765
02:48:02.000,1.1176,1.11767
02:48:03.000,1.11762,1.11769
02:48:06.000,1.11757,1.11764
02:48:07.000,1.1176,1.11767
02:48:09.000,1.11763,1.1177
02:48:10.000,1.11764,1.11771
02:48:16.000,1.11765,1.11772
02:48:21.000,1.11764,1.11771
02:48:24.000,1.11766,1.11773
02:48:25.000,1.1177,1.11777
02:48:27.000,1.11773,1.1178
02:48:28.000,1.11775,1.11782
02:48:29.000,1.11774,1.11781
02:48:32.000,1.1178,1.11787
02:48:33.000,1.11775,1.11782
02:48:42.000,1.11774,1.11781
02:48:43.000,1.11768,1.11775
02:48:47.000,1.11765,1.11772
02:48:48.000,1.11764,1.11771
02:48:50.000,1.11766,1.11773
02:48:51.000,1.11767,1.11774
02:48:52.000,1.11773,1.1178
02:48:53.000,1.11772,1.11779
02:48:54.000,1.11768,1.11775
02:48:55.000,1.11764,1.11771
02:48:56.000,1.11767,1.11774
02:48:57.000,1.11769,1.11776
02:48:58.000,1.11774,1.11781
02:49:02.000,1.11774,1.11781
02:49:03.000,1.11771,1.11778
02:49:08.000,1.11772,1.11779
02:49:09.000,1.11768,1.11775
02:49:10.000,1.11764,1.11771
02:49:11.000,1.11755,1.11762
02:49:12.000,1.11755,1.11762
02:49:14.000,1.11753,1.1176
02:49:15.000,1.11749,1.11756
02:49:17.000,1.11747,1.11754
02:49:19.000,1.1175,1.11757
02:49:20.000,1.11754,1.11761
02:49:21.000,1.11753,1.1176
02:49:27.000,1.11754,1.11761
02:49:33.000,1.11756,1.11763
02:49:35.000,1.11758,1.11765
02:49:36.000,1.11754,1.11761
02:49:37.000,1.11754,1.11761
02:49:45.000,1.11754,1.11761
02:49:47.000,1.11764,1.11771
02:49:49.000,1.11765,1.11772
02:49:52.000,1.11764,1.11771
02:50:06.000,1.11763,1.1177
02:50:07.000,1.11755,1.11762
02:50:08.000,1.11755,1.11762
02:50:09.000,1.11756,1.11763
02:50:10.000,1.11758,1.11765
02:50:11.000,1.11764,1.11771
02:50:15.000,1.11756,1.11763
02:50:16.000,1.11755,1.11762
02:50:32.000,1.11756,1.11763
02:50:36.000,1.11757,1.11764
02:50:37.000,1.11758,1.11765
02:50:50.000,1.11757,1.11764
02:50:51.000,1.11764,1.11771
02:50:52.000,1.11767,1.11774
02:50:56.000,1.11766,1.11773
02:50:57.000,1.11767,1.11774
02:50:59.000,1.11768,1.11775
02:51:00.000,1.11766,1.11773
02:51:01.000,1.11768,1.11775
02:51:02.000,1.1177,1.11777
02:51:07.000,1.11776,1.11783
02:51:16.000,1.11773,1.1178
02:51:17.000,1.11774,1.11781
02:51:21.000,1.11777,1.11784
02:51:22.000,1.11779,1.11786
02:51:27.000,1.11778,1.11785
02:51:28.000,1.11779,1.11786
02:51:31.000,1.11778,1.11785
02:51:32.000,1.11779,1.11786
02:51:40.000,1.11775,1.11782
02:51:42.000,1.11765,1.11772
02:51:43.000,1.11764,1.11771
02:51:51.000,1.11763,1.1177
02:51:58.000,1.11763,1.1177
02:51:59.000,1.11763,1.1177
02:52:00.000,1.11763,1.1177
02:52:01.000,1.11764,1.11771
02:52:04.000,1.11763,1.1177
02:52:08.000,1.1177,1.11777
02:52:09.000,1.11772,1.11779
02:52:11.000,1.11775,1.11782
02:52:31.000,1.11776,1.11783
02:52:32.000,1.11777,1.11784
02:52:33.000,1.11776,1.11783
02:52:35.000,1.11775,1.11782
02:52:40.000,1.11776,1.11783
02:52:43.000,1.11775,1.11782
02:52:47.000,1.11776,1.11783
02:53:01.000,1.11775,1.11782
02:53:02.000,1.11774,1.11781
02:53:03.000,1.11775,1.11782
02:53:13.000,1.11776,1.11783
02:53:22.000,1.11776,1.11783
02:53:24.000,1.11775,1.11782
02:53:30.000,1.11776,1.11783
02:53:36.000,1.11777,1.11784
02:53:40.000,1.11779,1.11786
02:53:41.000,1.11776,1.11783
02:53:42.000,1.11772,1.11779
02:53:43.000,1.11764,1.11771
02:53:44.000,1.11762,1.11769
02:53:52.000,1.11757,1.11764
02:53:53.000,1.11753,1.1176
02:54:05.000,1.11758,1.11765
02:54:06.000,1.11759,1.11766
02:54:07.000,1.11758,1.11765
02:54:08.000,1.11752,1.11759
02:54:16.000,1.11756,1.11763
02:54:17.000,1.11754,1.11761
02:54:31.000,1.11753,1.1176
02:54:32.000,1.11752,1.11759
02:54:55.000,1.11755,1.11762
02:54:58.000,1.11755,1.11762
02:55:00.000,1.1176,1.11767
02:55:10.000,1.11762,1.11769
02:55:28.000,1.1176,1.11767
02:55:29.000,1.11761,1.11768
02:55:30.000,1.1176,1.11767
02:55:33.000,1.11758,1.11765
02:55:34.000,1.11756,1.11763
02:56:48.000,1.11755,1.11762
02:56:54.000,1.11755,1.11762
02:57:01.000,1.11754,1.11761
02:57:03.000,1.11753,1.1176
02:57:08.000,1.11744,1.11751
02:57:09.000,1.11742,1.11749
02:57:14.000,1.11741,1.11748
02:57:15.000,1.11742,1.11749
02:57:21.000,1.11734,1.11741
02:57:22.000,1.11734,1.11741
02:57:23.000,1.11736,1.11743
02:57:24.000,1.11736,1.11743
02:57:28.000,1.11735,1.11742
02:57:36.000,1.11734,1.11741
02:57:42.000,1.11735,1.11742
02:57:45.000,1.11737,1.11744
02:57:46.000,1.11741,1.11748
02:57:47.000,1.11749,1.11756
02:57:48.000,1.11752,1.11759
02:57:49.000,1.1175,1.11757
02:57:50.000,1.11746,1.11753
02:57:53.000,1.11744,1.11751
02:57:55.000,1.11743,1.1175
02:57:59.000,1.11744,1.11751
02:58:02.000,1.11743,1.1175
02:58:03.000,1.11745,1.11752
02:58:04.000,1.11744,1.11751
02:58:06.000,1.11745,1.11752
02:58:12.000,1.11744,1.11751
02:58:14.000,1.11742,1.11749
02:58:15.000,1.11734,1.11741
02:58:16.000,1.11733,1.1174
02:58:19.000,1.11732,1.11739
02:58:29.000,1.1174,1.11747
02:58:30.000,1.11742,1.11749
02:58:31.000,1.11741,1.11748
02:58:37.000,1.11743,1.1175
02:58:42.000,1.11744,1.11751
02:58:43.000,1.11737,1.11744
02:58:44.000,1.11741,1.11748
02:58:45.000,1.11743,1.1175
02:58:48.000,1.11742,1.11749
02:58:51.000,1.11743,1.1175
02:58:54.000,1.11742,1.11749
02:58:55.000,1.11743,1.1175
02:58:56.000,1.11744,1.11751
02:59:00.000,1.11743,1.1175
02:59:04.000,1.11742,1.11749
02:59:05.000,1.11736,1.11743
02:59:08.000,1.11734,1.11741
02:59:09.000,1.11733,1.1174
02:59:16.000,1.11735,1.11742
02:59:17.000,1.11736,1.11743
02:59:22.000,1.11735,1.11742
02:59:24.000,1.11736,1.11743
02:59:32.000,1.1174,1.11747
02:59:33.000,1.11745,1.11752
02:59:48.000,1.11745,1.11752
03:00:22.000,1.11746,1.11753
03:00:29.000,1.11745,1.11752
03:00:37.000,1.11744,1.11751
03:00:51.000,1.11746,1.11753
03:00:52.000,1.1175,1.11757
03:00:53.000,1.11746,1.11753
03:00:54.000,1.11745,1.11752
03:01:02.000,1.11744,1.11751
03:01:08.000,1.11743,1.1175
03:01:22.000,1.11744,1.11751
03:01:23.000,1.11743,1.1175
03:02:00.000,1.11744,1.11751
03:02:07.000,1.11752,1.11759
03:02:09.000,1.11751,1.11758
03:02:10.000,1.11753,1.1176
03:02:16.000,1.11752,1.11759
03:02:19.000,1.11755,1.11762
03:02:21.000,1.11755,1.11762
03:02:23.000,1.11764,1.11771
03:02:25.000,1.11762,1.11769
03:02:26.000,1.11763,1.1177
03:02:28.000,1.11762,1.11769
03:02:31.000,1.11766,1.11773
03:02:34.000,1.11774,1.11781
03:02:42.000,1.11769,1.11776
03:02:43.000,1.11767,1.11774
03:02:45.000,1.11774,1.11781
03:02:47.000,1.11772,1.11779
03:02:50.000,1.11773,1.1178
03:02:53.000,1.11772,1.11779
03:03:04.000,1.11773,1.1178
03:03:05.000,1.11772,1.11779
03:03:06.000,1.11772,1.11779
03:03:08.000,1.11773,1.1178
03:03:21.000,1.11772,1.11779
03:03:26.000,1.11773,1.1178
03:03:31.000,1.11774,1.11781
03:03:55.000,1.11772,1.11779
03:04:28.000,1.11773,1.1178
03:04:38.000,1.11774,1.11781
03:05:13.000,1.11776,1.11783
03:05:19.000,1.11777,1.11784
03:05:28.000,1.11776,1.11783
03:05:31.000,1.11775,1.11782
03:05:36.000,1.11773,1.1178
03:05:57.000,1.11774,1.11781
03:06:01.000,1.11776,1.11783
03:06:03.000,1.11777,1.11784
03:06:16.000,1.11783,1.1179
03:06:17.000,1.11776,1.11783
03:06:18.000,1.11773,1.1178
03:06:25.000,1.11774,1.11781
03:06:28.000,1.11773,1.1178
03:06:29.000,1.11778,1.11785
03:06:40.000,1.11775,1.11782
03:06:46.000,1.11782,1.11789
03:07:04.000,1.11774,1.11781
03:07:05.000,1.11773,1.1178
03:07:11.000,1.11775,1.11782
03:07:12.000,1.11774,1.11781
03:07:15.000,1.11775,1.11782
03:07:23.000,1.11774,1.11781
03:07:24.000,1.11773,1.1178
03:07:26.000,1.11774,1.11781
03:07:27.000,1.11773,1.1178
03:07:31.000,1.11774,1.11781
03:07:36.000,1.11775,1.11782
03:07:45.000,1.11774,1.11781
03:07:50.000,1.11773,1.1178
03:07:55.000,1.11768,1.11775
03:07:56.000,1.11765,1.11772
03:07:59.000,1.11766,1.11773
03:08:00.000,1.11766,1.11773
03:08:01.000,1.1177,1.11777
03:08:04.000,1.11749,1.11756
03:08:05.000,1.11742,1.11749
03:08:06.000,1.11743,1.1175
03:08:08.000,1.11739,1.11746
03:08:09.000,1.11734,1.11741
03:08:10.000,1.11738,1.11745
03:08:11.000,1.11738,1.11745
03:08:14.000,1.11729,1.11736
03:08:15.000,1.11734,1.11741
03:08:19.000,1.11724,1.11731
03:08:20.000,1.11725,1.11732
03:08:21.000,1.11726,1.11733
03:08:22.000,1.11727,1.11734
03:08:31.000,1.11728,1.11735
03:08:41.000,1.11729,1.11736
03:08:42.000,1.11733,1.1174
03:08:44.000,1.11734,1.11741
03:08:45.000,1.11742,1.11749
03:08:46.000,1.11735,1.11742
03:08:47.000,1.11739,1.11746
03:09:05.000,1.11739,1.11746
03:09:08.000,1.1174,1.11747
03:09:31.000,1.11747,1.11754
03:09:33.000,1.11745,1.11752
03:09:50.000,1.11747,1.11754
03:09:53.000,1.11746,1.11753
03:10:01.000,1.11745,1.11752
03:10:08.000,1.11746,1.11753
03:10:22.000,1.11743,1.1175
03:10:27.000,1.11744,1.11751
03:10:33.000,1.11747,1.11754
03:10:38.000,1.11746,1.11753
03:10:43.000,1.11745,1.11752
03:10:47.000,1.11747,1.11754
03:10:48.000,1.11746,1.11753
03:11:09.000,1.11743,1.1175
03:11:25.000,1.11744,1.11751
03:11:34.000,1.11746,1.11753
03:11:51.000,1.11745,1.11752
03:12:08.000,1.11744,1.11751
03:12:15.000,1.11744,1.11751
03:12:28.000,1.11743,1.1175
03:12:40.000,1.11744,1.11751
03:12:49.000,1.11745,1.11752
03:12:50.000,1.11744,1.11751
03:13:00.000,1.11746,1.11753
03:13:14.000,1.11745,1.11752
03:13:48.000,1.11744,1.11751
03:13:59.000,1.11746,1.11753
03:14:00.000,1.11748,1.11755
03:14:01.000,1.11754,1.11761
03:14:02.000,1.11754,1.11761
03:14:08.000,1.11753,1.1176
03:14:09.000,1.11755,1.11762
03:14:14.000,1.11753,1.1176
03:14:17.000,1.11745,1.11752
03:14:28.000,1.11746,1.11753
03:14:48.000,1.11747,1.11754
03:14:54.000,1.11749,1.11756
03:14:55.000,1.11754,1.11761
03:15:13.000,1.11753,1.1176
03:15:22.000,1.11755,1.11762
03:15:23.000,1.11755,1.11762
03:15:28.000,1.11756,1.11763
03:15:32.000,1.11757,1.11764
03:15:40.000,1.11759,1.11766
03:15:42.000,1.11761,1.11768
03:15:43.000,1.1176,1.11767
03:15:44.000,1.11759,1.11766
03:16:01.000,1.11764,1.11771
03:16:02.000,1.11765,1.11772
03:16:06.000,1.11763,1.1177
03:16:09.000,1.11765,1.11772
03:16:10.000,1.11766,1.11773
03:16:28.000,1.11765,1.11772
03:17:48.000,1.11765,1.11772
03:18:42.000,1.11766,1.11773
03:18:54.000,1.11764,1.11771
03:19:08.000,1.11765,1.11772
03:19:17.000,1.11766,1.11773
03:19:42.000,1.11761,1.11768
03:19:43.000,1.11765,1.11772
03:19:46.000,1.11766,1.11773
03:20:47.000,1.11767,1.11774
03:21:00.000,1.11773,1.1178
03:21:01.000,1.11768,1.11775
03:21:02.000,1.11766,1.11773
03:21:08.000,1.11765,1.11772
03:21:32.000,1.11766,1.11773
03:21:39.000,1.11757,1.11764
03:21:40.000,1.1176,1.11767
03:21:41.000,1.11762,1.11769
03:21:49.000,1.11764,1.11771
03:21:50.000,1.11765,1.11772
03:22:32.000,1.11769,1.11776
03:22:34.000,1.11767,1.11774
03:22:35.000,1.11766,1.11773
03:22:39.000,1.11766,1.11773
03:22:41.000,1.11769,1.11776
03:22:43.000,1.11767,1.11774
03:22:44.000,1.11767,1.11774
03:23:21.000,1.11766,1.11773
03:23:40.000,1.11765,1.11772
03:23:41.000,1.11766,1.11773
03:23:42.000,1.11766,1.11773
03:23:50.000,1.11768,1.11775
03:23:51.000,1.11768,1.11775
03:23:52.000,1.11766,1.11773
03:23:59.000,1.11765,1.11772
03:24:23.000,1.11764,1.11771
03:24:24.000,1.11766,1.11773
03:24:33.000,1.11767,1.11774
03:24:34.000,1.11766,1.11773
03:25:17.000,1.11767,1.11774
03:25:18.000,1.11766,1.11773
03:25:29.000,1.11768,1.11775
03:25:30.000,1.11766,1.11773
03:25:36.000,1.11775,1.11782
03:25:37.000,1.11777,1.11784
03:25:42.000,1.11776,1.11783
03:25:47.000,1.11774,1.11781
03:25:57.000,1.1178,1.11787
03:25:58.000,1.11783,1.1179
03:26:16.000,1.11781,1.11788
03:26:18.000,1.1178,1.11787
03:26:19.000,1.11778,1.11785
03:26:20.000,1.11776,1.11783
03:26:25.000,1.11784,1.11791
03:26:35.000,1.11783,1.1179
03:26:36.000,1.11784,1.11791
03:26:37.000,1.11782,1.11789
03:26:43.000,1.11783,1.1179
03:26:48.000,1.11782,1.11789
03:26:53.000,1.11777,1.11784
03:26:54.000,1.11774,1.11781
03:26:58.000,1.11775,1.11782
03:27:45.000,1.11776,1.11783
03:28:01.000,1.11774,1.11781
03:28:03.000,1.11773,1.1178
03:28:21.000,1.11774,1.11781
03:28:23.000,1.11775,1.11782
03:28:27.000,1.11774,1.11781
03:28:28.000,1.11775,1.11782
03:28:29.000,1.11774,1.11781
03:28:30.000,1.11776,1.11783
03:28:31.000,1.11775,1.11782
03:28:38.000,1.11775,1.11782
03:28:39.000,1.11774,1.11781
03:28:40.000,1.11775,1.11782
03:29:06.000,1.11776,1.11783
03:29:08.000,1.11776,1.11783
03:29:10.000,1.11776,1.11783
03:29:12.000,1.11776,1.11783
03:29:14.000,1.11776,1.11783
03:29:25.000,1.11775,1.11782
03:29:26.000,1.11774,1.11781
03:29:27.000,1.11774,1.11781
03:29:28.000,1.11774,1.11781
03:29:34.000,1.11775,1.11782
03:29:53.000,1.11774,1.11781
03:29:54.000,1.11773,1.1178
03:29:57.000,1.11774,1.11781
03:29:59.000,1.11775,1.11782
03:30:02.000,1.11769,1.11776
03:30:03.000,1.11771,1.11778
03:30:04.000,1.1177,1.11777
03:30:06.000,1.11767,1.11774
03:30:09.000,1.11766,1.11773
03:30:16.000,1.11769,1.11776
03:30:20.000,1.11774,1.11781
03:30:21.000,1.11775,1.11782
03:30:27.000,1.11774,1.11781
03:30:28.000,1.11775,1.11782
03:30:39.000,1.11779,1.11786
03:30:40.000,1.11779,1.11786
03:30:43.000,1.11781,1.11788
03:30:55.000,1.11777,1.11784
03:30:56.000,1.11779,1.11786
03:30:57.000,1.11776,1.11783
03:31:00.000,1.11779,1.11786
03:31:02.000,1.11786,1.11793
03:31:14.000,1.11784,1.11791
03:31:18.000,1.11781,1.11788
03:31:20.000,1.11776,1.11783
03:31:21.000,1.11775,1.11782
03:31:22.000,1.11776,1.11783
03:31:23.000,1.11777,1.11784
03:31:25.000,1.11781,1.11788
03:31:26.000,1.11782,1.11789
03:31:30.000,1.1178,1.11787
03:31:32.000,1.1178,1.11787
03:31:34.000,1.11774,1.11781
03:31:48.000,1.11775,1.11782
03:32:38.000,1.11776,1.11783
03:32:39.000,1.11779,1.11786
03:32:40.000,1.11781,1.11788
03:32:44.000,1.11775,1.11782
03:32:45.000,1.11776,1.11783
03:32:54.000,1.11775,1.11782
03:32:56.000,1.11776,1.11783
03:33:00.000,1.11778,1.11785
03:33:01.000,1.11777,1.11784
03:33:02.000,1.11779,1.11786
03:33:04.000,1.11781,1.11788
03:33:12.000,1.1178,1.11787
03:33:14.000,1.11782,1.11789
03:33:15.000,1.11776,1.11783
03:33:41.000,1.11781,1.11788
03:33:45.000,1.11783,1.1179
03:33:46.000,1.11785,1.11792
03:33:51.000,1.11786,1.11793
03:33:52.000,1.11785,1.11792
03:33:59.000,1.11786,1.11793
03:34:03.000,1.11786,1.11793
03:34:06.000,1.11785,1.11792
03:34:40.000,1.11784,1.11791
03:34:45.000,1.11785,1.11792
03:34:46.000,1.11784,1.11791
03:35:08.000,1.11785,1.11792
03:35:16.000,1.11776,1.11783
03:35:32.000,1.11777,1.11784
03:35:33.000,1.11782,1.11789
03:35:34.000,1.11785,1.11792
03:35:54.000,1.11784,1.11791
03:36:04.000,1.11783,1.1179
03:36:09.000,1.11784,1.11791
03:36:13.000,1.11785,1.11792
03:36:38.000,1.11786,1.11793
03:36:40.000,1.11793,1.118
03:36:41.000,1.11794,1.11801
03:36:47.000,1.11795,1.11802
03:37:08.000,1.11796,1.11803
03:37:13.000,1.11794,1.11801
03:37:16.000,1.11788,1.11795
03:37:17.000,1.11786,1.11793
03:37:54.000,1.11784,1.11791
03:38:46.000,1.11787,1.11794
03:38:47.000,1.11786,1.11793
03:38:52.000,1.11787,1.11794
03:38:57.000,1.11792,1.11799
03:38:58.000,1.11794,1.11801
03:39:03.000,1.11795,1.11802
03:39:07.000,1.11796,1.11803
03:39:19.000,1.118,1.11807
03:39:20.000,1.11799,1.11806
03:39:24.000,1.11797,1.11804
03:39:25.000,1.11803,1.1181
03:39:26.000,1.11804,1.11811
03:39:48.000,1.11803,1.1181
03:40:04.000,1.11805,1.11812
03:40:05.000,1.11804,1.11811
03:40:06.000,1.11805,1.11812
03:40:10.000,1.11804,1.11811
03:40:15.000,1.11806,1.11813
03:40:25.000,1.11804,1.11811
03:40:26.000,1.11797,1.11804
03:40:27.000,1.11793,1.118
03:40:34.000,1.11794,1.11801
03:40:41.000,1.11793,1.118
03:40:56.000,1.11792,1.11799
03:40:57.000,1.11786,1.11793
03:40:58.000,1.11785,1.11792
03:40:59.000,1.11784,1.11791
03:41:00.000,1.11785,1.11792
03:41:07.000,1.11786,1.11793
03:41:08.000,1.11787,1.11794
03:41:12.000,1.11787,1.11794
03:41:15.000,1.11789,1.11796
03:41:16.000,1.11785,1.11792
03:41:18.000,1.11785,1.11792
03:41:20.000,1.11785,1.11792
03:41:21.000,1.11782,1.11789
03:41:23.000,1.11781,1.11788
03:41:24.000,1.11782,1.11789
03:41:25.000,1.11781,1.11788
03:41:29.000,1.11773,1.1178
03:41:32.000,1.11772,1.11779
03:41:33.000,1.11773,1.1178
03:41:42.000,1.11772,1.11779
03:41:48.000,1.11771,1.11778
03:41:57.000,1.11775,1.11782
03:41:58.000,1.11773,1.1178
03:42:12.000,1.11774,1.11781
03:42:23.000,1.1178,1.11787
03:42:24.000,1.11783,1.1179
03:42:26.000,1.11775,1.11782
03:42:27.000,1.11778,1.11785
03:42:28.000,1.11782,1.11789
03:42:29.000,1.11783,1.1179
03:42:34.000,1.11784,1.11791
03:42:38.000,1.11785,1.11792
03:42:39.000,1.11784,1.11791
03:42:40.000,1.11785,1.11792
03:42:51.000,1.11786,1.11793
03:42:52.000,1.11786,1.11793
03:42:53.000,1.11784,1.11791
03:42:54.000,1.11788,1.11795
03:42:55.000,1.11786,1.11793
03:42:57.000,1.11787,1.11794
03:42:58.000,1.1179,1.11797
03:42:59.000,1.11792,1.11799
03:43:22.000,1.11786,1.11793
03:43:23.000,1.11785,1.11792
03:43:24.000,1.11784,1.11791
03:43:25.000,1.11786,1.11793
03:43:26.000,1.11785,1.11792
03:43:27.000,1.11784,1.11791
03:43:48.000,1.11785,1.11792
03:44:28.000,1.11784,1.11791
03:44:31.000,1.1178,1.11787
03:44:32.000,1.11782,1.11789
03:44:48.000,1.11783,1.1179
03:44:51.000,1.11782,1.11789
03:44:54.000,1.11783,1.1179
03:45:03.000,1.11782,1.11789
03:45:31.000,1.11785,1.11792
03:45:32.000,1.11788,1.11795
03:45:33.000,1.11785,1.11792
03:45:36.000,1.11787,1.11794
03:45:38.000,1.11784,1.11791
03:45:41.000,1.11783,1.1179
03:45:42.000,1.11781,1.11788
03:45:44.000,1.11779,1.11786
03:45:45.000,1.11779,1.11786
03:45:50.000,1.1178,1.11787
03:45:51.000,1.11781,1.11788
03:46:03.000,1.11785,1.11792
03:46:06.000,1.11784,1.11791
03:46:11.000,1.11785,1.11792
03:46:12.000,1.11786,1.11793
03:46:13.000,1.11788,1.11795
03:46:14.000,1.11785,1.11792
03:46:15.000,1.11783,1.1179
03:46:16.000,1.11784,1.11791
03:46:17.000,1.11783,1.1179
03:46:18.000,1.11782,1.11789
03:46:20.000,1.11781,1.11788
03:46:25.000,1.11777,1.11784
03:46:26.000,1.11775,1.11782
03:46:32.000,1.11782,1.11789
03:46:45.000,1.11783,1.1179
03:46:48.000,1.11784,1.11791
03:46:56.000,1.11787,1.11794
03:47:08.000,1.11788,1.11795
03:47:18.000,1.1179,1.11797
03:47:19.000,1.11792,1.11799
03:47:24.000,1.11791,1.11798
03:47:25.000,1.11792,1.11799
03:47:33.000,1.11791,1.11798
03:47:34.000,1.11786,1.11793
03:47:36.000,1.11785,1.11792
03:47:41.000,1.11786,1.11793
03:48:04.000,1.11785,1.11792
03:48:28.000,1.11783,1.1179
03:48:30.000,1.11784,1.11791
03:48:48.000,1.11786,1.11793
03:48:54.000,1.11784,1.11791
03:48:57.000,1.11786,1.11793
03:49:03.000,1.11787,1.11794
03:49:05.000,1.11792,1.11799
03:49:07.000,1.11789,1.11796
03:49:09.000,1.11788,1.11795
03:49:11.000,1.11784,1.11791
03:49:44.000,1.11783,1.1179
03:49:46.000,1.11784,1.11791
03:50:22.000,1.11783,1.1179
03:50:28.000,1.11777,1.11784
03:50:30.000,1.11776,1.11783
03:50:31.000,1.11775,1.11782
03:50:32.000,1.11776,1.11783
03:50:33.000,1.11775,1.11782
03:50:37.000,1.1177,1.11777
03:50:38.000,1.11772,1.11779
03:50:46.000,1.11771,1.11778
03:50:47.000,1.1177,1.11777
03:50:48.000,1.11768,1.11775
03:50:49.000,1.11773,1.1178
03:50:51.000,1.11774,1.11781
03:50:53.000,1.11776,1.11783
03:50:58.000,1.11777,1.11784
03:51:01.000,1.11776,1.11783
03:51:09.000,1.11767,1.11774
03:51:11.000,1.11769,1.11776
03:51:12.000,1.11772,1.11779
03:51:14.000,1.11774,1.11781
03:51:16.000,1.11775,1.11782
03:51:28.000,1.11776,1.11783
03:51:34.000,1.11775,1.11782
03:51:35.000,1.11775,1.11782
03:51:36.000,1.1177,1.11777
03:51:37.000,1.11766,1.11773
03:51:38.000,1.11768,1.11775
03:51:42.000,1.11769,1.11776
03:51:43.000,1.11772,1.11779
03:51:44.000,1.11771,1.11778
03:51:45.000,1.1177,1.11777
03:51:47.000,1.11769,1.11776
03:51:48.000,1.11766,1.11773
03:51:49.000,1.11765,1.11772
03:51:59.000,1.11764,1.11771
03:52:03.000,1.11765,1.11772
03:52:08.000,1.11764,1.11771
03:52:22.000,1.11765,1.11772
03:52:38.000,1.11766,1.11773
03:52:39.000,1.11771,1.11778
03:52:47.000,1.11773,1.1178
03:52:48.000,1.11776,1.11783
03:52:49.000,1.11783,1.1179
03:52:50.000,1.11784,1.11791
03:52:51.000,1.11784,1.11791
03:53:03.000,1.1178,1.11787
03:53:04.000,1.11778,1.11785
03:53:08.000,1.11781,1.11788
03:53:10.000,1.1178,1.11787
03:53:17.000,1.11781,1.11788
03:53:20.000,1.11779,1.11786
03:53:24.000,1.11774,1.11781
03:53:29.000,1.11768,1.11775
03:53:30.000,1.11764,1.11771
03:53:32.000,1.11764,1.11771
03:53:39.000,1.11762,1.11769
03:53:48.000,1.11763,1.1177
03:53:53.000,1.11765,1.11772
03:53:55.000,1.11764,1.11771
03:53:57.000,1.11763,1.1177
03:53:59.000,1.11762,1.11769
03:54:08.000,1.11763,1.1177
03:54:11.000,1.11762,1.11769
03:54:13.000,1.11754,1.11761
03:54:14.000,1.11753,1.1176
03:54:17.000,1.11752,1.11759
03:54:19.000,1.11744,1.11751
03:54:20.000,1.11745,1.11752
03:54:27.000,1.11743,1.1175
03:54:28.000,1.11745,1.11752
03:54:34.000,1.11744,1.11751
03:54:35.000,1.11744,1.11751
03:54:36.000,1.11749,1.11756
03:54:37.000,1.11749,1.11756
03:54:40.000,1.1175,1.11757
03:54:41.000,1.11751,1.11758
03:54:42.000,1.11749,1.11756
03:54:47.000,1.11747,1.11754
03:54:48.000,1.11744,1.11751
03:54:53.000,1.11745,1.11752
03:54:59.000,1.11746,1.11753
03:55:00.000,1.11751,1.11758
03:55:04.000,1.11748,1.11755
03:55:11.000,1.11749,1.11756
03:55:12.000,1.1175,1.11757
03:55:14.000,1.1175,1.11757
03:55:15.000,1.11751,1.11758
03:55:18.000,1.11748,1.11755
03:55:19.000,1.11755,1.11762
03:55:20.000,1.11761,1.11768
03:55:21.000,1.11757,1.11764
03:55:25.000,1.11756,1.11763
03:55:33.000,1.11755,1.11762
03:55:37.000,1.11751,1.11758
03:55:47.000,1.1175,1.11757
03:55:56.000,1.11749,1.11756
03:55:57.000,1.11743,1.1175
03:55:58.000,1.11747,1.11754
03:55:59.000,1.1175,1.11757
03:56:00.000,1.11749,1.11756
03:56:01.000,1.11748,1.11755
03:56:04.000,1.11747,1.11754
03:56:27.000,1.11748,1.11755
03:56:37.000,1.11749,1.11756
03:56:48.000,1.1175,1.11757
03:56:56.000,1.11746,1.11753
03:56:59.000,1.11745,1.11752
03:57:21.000,1.11746,1.11753
03:57:22.000,1.11752,1.11759
03:57:23.000,1.11753,1.1176
03:57:28.000,1.11752,1.11759
03:57:29.000,1.11749,1.11756
03:57:30.000,1.11751,1.11758
03:57:31.000,1.11752,1.11759
03:57:47.000,1.11751,1.11758
03:57:48.000,1.11745,1.11752
03:58:48.000,1.11745,1.11752
03:58:52.000,1.11751,1.11758
03:58:53.000,1.11752,1.11759
03:58:59.000,1.11751,1.11758
03:59:08.000,1.11745,1.11752
03:59:29.000,1.11744,1.11751
03:59:40.000,1.1175,1.11757
03:59:41.000,1.11749,1.11756
03:59:43.000,1.11746,1.11753
03:59:44.000,1.11744,1.11751
03:59:45.000,1.11742,1.11749
04:00:12.000,1.11744,1.11751
04:00:15.000,1.11742,1.11749
04:00:28.000,1.11741,1.11748
04:00:37.000,1.11742,1.11749
04:00:39.000,1.11741,1.11748
04:01:00.000,1.11742,1.11749
04:01:09.000,1.11737,1.11744
04:01:10.000,1.11737,1.11744
04:01:14.000,1.11735,1.11742
04:01:15.000,1.11736,1.11743
04:01:22.000,1.11731,1.11738
04:01:24.000,1.11728,1.11735
04:01:26.000,1.11729,1.11736
04:01:27.000,1.11724,1.11731
04:01:28.000,1.11726,1.11733
04:01:29.000,1.11719,1.11726
04:01:32.000,1.1172,1.11727
04:01:33.000,1.11719,1.11726
04:01:34.000,1.11713,1.1172
04:01:40.000,1.11711,1.11718
04:01:42.000,1.11697,1.11704
04:01:43.000,1.1169,1.11697
04:01:44.000,1.11668,1.11677
04:01:45.000,1.11651,1.1166
04:01:46.000,1.11655,1.11664
04:01:47.000,1.11643,1.11652
04:01:48.000,1.11642,1.11651
04:01:49.000,1.11647,1.11656
04:01:50.000,1.11664,1.11673
04:01:51.000,1.11673,1.11682
04:01:52.000,1.11681,1.1169
04:01:54.000,1.11673,1.11682
04:01:56.000,1.11672,1.11681
04:01:57.000,1.1167,1.11679
04:01:58.000,1.11671,1.1168
04:01:59.000,1.11672,1.11681
04:02:03.000,1.11673,1.11682
04:02:04.000,1.11683,1.1169
04:02:05.000,1.11683,1.1169
04:02:06.000,1.11684,1.11691
04:02:07.000,1.11685,1.11692
04:02:08.000,1.11687,1.11694
04:02:09.000,1.11692,1.11699
04:02:16.000,1.11688,1.11695
04:02:17.000,1.11685,1.11692
04:02:18.000,1.11684,1.11691
04:02:20.000,1.11687,1.11694
04:02:21.000,1.11693,1.117
04:02:22.000,1.11677,1.11684
04:02:23.000,1.11675,1.11682
04:02:27.000,1.11675,1.11682
04:02:28.000,1.11676,1.11683
04:02:32.000,1.11677,1.11684
04:02:33.000,1.11676,1.11683
04:02:34.000,1.11682,1.11689
04:02:35.000,1.11686,1.11693
04:02:36.000,1.11688,1.11695
04:02:37.000,1.11688,1.11695
04:02:39.000,1.11691,1.11698
04:02:40.000,1.11694,1.11701
04:02:46.000,1.11693,1.117
04:02:49.000,1.11698,1.11705
04:02:53.000,1.11702,1.11709
04:02:54.000,1.11705,1.11712
04:02:56.000,1.11703,1.1171
04:02:57.000,1.11699,1.11706
04:02:58.000,1.11702,1.11709
04:02:59.000,1.11696,1.11703
04:03:00.000,1.11695,1.11702
04:03:01.000,1.11689,1.11696
04:03:02.000,1.11689,1.11696
04:03:03.000,1.11688,1.11695
04:03:05.000,1.11693,1.117
04:03:06.000,1.11694,1.11701
04:03:14.000,1.11688,1.11695
04:03:21.000,1.11692,1.11699
04:03:22.000,1.11693,1.117
04:03:32.000,1.11691,1.11698
04:03:33.000,1.11692,1.11699
04:03:35.000,1.11691,1.11698
04:03:37.000,1.11696,1.11703
04:03:42.000,1.11697,1.11704
04:03:44.000,1.11701,1.11708
04:03:45.000,1.11704,1.11711
04:03:48.000,1.11705,1.11712
04:03:49.000,1.11706,1.11713
04:03:50.000,1.11702,1.11709
04:03:52.000,1.11706,1.11713
04:03:53.000,1.1171,1.11717
04:03:54.000,1.11709,1.11716
04:03:56.000,1.11707,1.11714
04:03:57.000,1.11705,1.11712
04:03:59.000,1.11705,1.11712
04:04:00.000,1.11707,1.11714
04:04:04.000,1.11705,1.11712
04:04:05.000,1.11704,1.11711
04:04:07.000,1.11704,1.11711
04:04:08.000,1.11697,1.11704
04:04:09.000,1.11699,1.11706
04:04:14.000,1.11698,1.11705
04:04:18.000,1.11701,1.11708
04:04:22.000,1.11703,1.1171
04:04:23.000,1.11705,1.11712
04:04:25.000,1.11711,1.11718
04:04:27.000,1.11709,1.11716
04:04:28.000,1.11707,1.11714
04:04:30.000,1.11706,1.11713
04:04:31.000,1.11705,1.11712
04:04:57.000,1.1171,1.11717
04:05:00.000,1.11707,1.11714
04:05:04.000,1.11694,1.11701
04:05:05.000,1.11695,1.11702
04:05:07.000,1.11693,1.117
04:05:08.000,1.11691,1.11698
04:05:09.000,1.11693,1.117
04:05:10.000,1.11688,1.11695
04:05:11.000,1.11687,1.11694
04:05:13.000,1.11693,1.117
04:05:14.000,1.11694,1.11701
04:05:19.000,1.11698,1.11705
04:05:20.000,1.11697,1.11704
04:05:21.000,1.11696,1.11703
04:05:24.000,1.11686,1.11693
04:05:26.000,1.11688,1.11695
04:05:27.000,1.11686,1.11693
04:05:29.000,1.11694,1.11701
04:05:32.000,1.11693,1.117
04:05:36.000,1.11694,1.11701
04:05:45.000,1.117,1.11707
04:05:48.000,1.11701,1.11708
04:05:49.000,1.11703,1.1171
04:05:50.000,1.11702,1.11709
04:05:51.000,1.11701,1.11708
04:05:53.000,1.11697,1.11704
04:05:54.000,1.11696,1.11703
04:05:55.000,1.117,1.11707
04:06:00.000,1.11699,1.11706
04:06:01.000,1.11701,1.11708
04:06:02.000,1.117,1.11707
04:06:09.000,1.11706,1.11713
04:06:10.000,1.11707,1.11714
04:06:17.000,1.1171,1.11717
04:06:18.000,1.1171,1.11717
04:06:30.000,1.11709,1.11716
04:06:31.000,1.1171,1.11717
04:06:40.000,1.11709,1.11716
04:06:41.000,1.11707,1.11714
04:06:55.000,1.11708,1.11715
04:06:56.000,1.11709,1.11716
04:07:04.000,1.1171,1.11717
04:07:13.000,1.11713,1.1172
04:07:14.000,1.11724,1.11731
04:07:16.000,1.11725,1.11732
04:07:17.000,1.11726,1.11733
04:07:18.000,1.11726,1.11733
04:07:21.000,1.11724,1.11731
04:07:26.000,1.11722,1.11729
04:07:27.000,1.11716,1.11723
04:07:32.000,1.11714,1.11721
04:07:36.000,1.11713,1.1172
04:07:38.000,1.11714,1.11721
04:07:40.000,1.11715,1.11722
04:07:43.000,1.11704,1.11711
04:07:45.000,1.11699,1.11706
04:07:46.000,1.11694,1.11701
04:07:49.000,1.11696,1.11703
04:07:51.000,1.11705,1.11712
04:07:53.000,1.11705,1.11712
04:07:58.000,1.11704,1.11711
04:08:00.000,1.11702,1.11709
04:08:14.000,1.11704,1.11711
04:08:23.000,1.11704,1.11711
04:08:35.000,1.11696,1.11703
04:08:48.000,1.11701,1.11708
04:08:50.000,1.11702,1.11709
04:08:53.000,1.11703,1.1171
04:08:54.000,1.11702,1.11709
