time,bidPrice,offerPrice
00:00:04.000,0.97797,0.97816
00:00:05.000,0.97798,0.97817
00:00:15.000,0.97795,0.97814
00:00:18.000,0.97794,0.97813
00:00:27.000,0.97795,0.97814
00:00:34.000,0.97796,0.97815
00:00:53.000,0.97798,0.97817
00:00:55.000,0.978,0.97819
00:00:56.000,0.97803,0.97822
00:00:59.000,0.97805,0.97824
00:01:01.000,0.97804,0.97823
00:01:06.000,0.97802,0.97821
00:01:08.000,0.978,0.97819
00:01:15.000,0.97804,0.97823
00:01:16.000,0.97799,0.97818
00:01:17.000,0.97797,0.97816
00:01:37.000,0.97796,0.97815
00:01:38.000,0.97795,0.97814
00:01:42.000,0.97797,0.97816
00:01:53.000,0.97795,0.97814
00:01:54.000,0.97794,0.97813
00:01:57.000,0.97795,0.97814
00:02:08.000,0.97797,0.97816
00:02:14.000,0.97794,0.97813
00:02:15.000,0.97792,0.97811
00:02:16.000,0.97792,0.97811
00:02:17.000,0.97793,0.97812
00:02:38.000,0.97789,0.97808
00:02:40.000,0.97781,0.978
00:02:43.000,0.97782,0.97801
00:02:47.000,0.97785,0.97804
00:02:53.000,0.97792,0.97811
00:02:55.000,0.97794,0.97813
00:03:11.000,0.97801,0.9782
00:03:12.000,0.97805,0.97824
00:03:13.000,0.97808,0.97827
00:03:14.000,0.9781,0.97829
00:03:15.000,0.97827,0.97846
00:03:16.000,0.97831,0.97859
00:03:17.000,0.97833,0.97861
00:03:22.000,0.97831,0.97859
00:03:37.000,0.9783,0.97858
00:03:39.000,0.97828,0.97856
00:03:40.000,0.9782,0.97848
00:03:41.000,0.97824,0.97852
00:03:42.000,0.97823,0.97851
00:03:45.000,0.97825,0.97853
00:03:52.000,0.97827,0.97855
00:03:56.000,0.97841,0.97869
00:03:57.000,0.9784,0.97868
00:03:59.000,0.97843,0.97871
00:04:00.000,0.97845,0.97873
00:04:04.000,0.97849,0.97868
00:04:05.000,0.97852,0.97871
00:04:06.000,0.97853,0.97872
00:04:08.000,0.97852,0.97871
00:04:09.000,0.97848,0.97876
00:04:11.000,0.97845,0.97873
00:04:12.000,0.97843,0.97871
00:04:15.000,0.97844,0.97872
00:04:21.000,0.97845,0.97873
00:04:29.000,0.9785,0.97878
00:04:30.000,0.97851,0.97879
00:04:36.000,0.97849,0.97877
00:04:37.000,0.97855,0.97883
00:05:09.000,0.97857,0.97885
00:05:17.000,0.97856,0.97884
00:05:29.000,0.97858,0.97886
00:05:30.000,0.9786,0.97888
00:05:31.000,0.97862,0.9789
00:05:32.000,0.9786,0.97888
00:05:37.000,0.97861,0.97889
00:05:39.000,0.97864,0.97892
00:05:40.000,0.97861,0.97889
00:05:42.000,0.9786,0.97888
00:06:08.000,0.97858,0.97886
00:06:12.000,0.9786,0.97888
00:06:17.000,0.97859,0.97887
00:06:39.000,0.97861,0.97889
00:06:40.000,0.97859,0.97887
00:06:42.000,0.97862,0.9789
00:06:45.000,0.97864,0.97892
00:06:46.000,0.97868,0.97896
00:06:56.000,0.97877,0.97905
00:06:57.000,0.97873,0.97901
00:06:58.000,0.97874,0.97902
00:07:00.000,0.97873,0.97901
00:07:07.000,0.97868,0.97896
00:07:08.000,0.97868,0.97896
00:07:11.000,0.97868,0.97896
00:07:13.000,0.97875,0.97894
00:07:15.000,0.97873,0.97892
00:07:16.000,0.97877,0.97893
00:07:17.000,0.97876,0.97892
00:07:18.000,0.97873,0.97889
00:07:19.000,0.97868,0.97884
00:07:21.000,0.97868,0.97884
00:07:22.000,0.97869,0.97885
00:07:23.000,0.97871,0.97887
00:07:24.000,0.97871,0.97887
00:07:27.000,0.97872,0.97888
00:07:30.000,0.97883,0.97899
00:07:39.000,0.97888,0.97904
00:07:40.000,0.9789,0.97906
00:07:41.000,0.97887,0.97903
00:07:57.000,0.97884,0.979
00:07:59.000,0.97888,0.97904
00:08:00.000,0.9789,0.97906
00:08:03.000,0.97901,0.97917
00:08:04.000,0.97902,0.97918
00:08:05.000,0.97901,0.97917
00:08:08.000,0.97899,0.97915
00:08:09.000,0.97899,0.97915
00:08:12.000,0.97891,0.97907
00:08:13.000,0.97889,0.97905
00:08:14.000,0.97889,0.97905
00:08:15.000,0.97888,0.97904
00:08:16.000,0.97887,0.97903
00:08:17.000,0.97886,0.97902
00:08:19.000,0.97885,0.97901
00:08:20.000,0.97887,0.97903
00:08:28.000,0.97896,0.97912
00:08:29.000,0.97896,0.97912
00:08:31.000,0.97897,0.97913
00:08:34.000,0.97892,0.97908
00:08:36.000,0.97898,0.97914
00:08:37.000,0.97899,0.97915
00:08:38.000,0.979,0.97916
00:08:41.000,0.97899,0.97915
00:08:46.000,0.979,0.97916
00:08:47.000,0.97898,0.97914
00:08:50.000,0.97897,0.97913
00:08:52.000,0.97889,0.97905
00:08:53.000,0.97894,0.9791
00:08:57.000,0.97887,0.97903
00:09:01.000,0.97897,0.97913
00:09:02.000,0.9789,0.97906
00:09:03.000,0.97897,0.97913
00:09:04.000,0.97902,0.97918
00:09:05.000,0.97902,0.97918
00:09:09.000,0.97906,0.97922
00:09:17.000,0.97907,0.97923
00:09:20.000,0.97918,0.97934
00:09:21.000,0.97913,0.97929
00:09:22.000,0.97912,0.97928
00:09:24.000,0.97914,0.9793
00:09:25.000,0.97913,0.97929
00:09:27.000,0.97911,0.97927
00:09:30.000,0.9791,0.97926
00:09:34.000,0.97912,0.97928
00:09:37.000,0.97911,0.97927
00:10:04.000,0.97907,0.97923
00:10:13.000,0.97907,0.97923
00:10:14.000,0.97905,0.97921
00:10:17.000,0.97904,0.9792
00:10:20.000,0.97905,0.97921
00:10:26.000,0.97904,0.9792
00:10:29.000,0.97902,0.97918
00:10:30.000,0.97908,0.97924
00:10:35.000,0.97912,0.97928
00:10:43.000,0.97911,0.97927
00:10:44.000,0.97912,0.97928
00:10:48.000,0.97914,0.9793
00:10:49.000,0.97913,0.97929
00:10:50.000,0.97915,0.97931
00:10:57.000,0.97913,0.97929
00:11:03.000,0.97909,0.97925
00:11:04.000,0.97907,0.97923
00:11:07.000,0.97909,0.97925
00:11:08.000,0.97908,0.97924
00:11:09.000,0.97909,0.97925
00:11:11.000,0.97897,0.97913
00:11:12.000,0.9789,0.97906
00:11:14.000,0.97889,0.97905
00:11:28.000,0.9789,0.97906
00:11:31.000,0.97891,0.97907
00:11:36.000,0.9789,0.97906
00:11:37.000,0.97889,0.97905
00:11:47.000,0.97887,0.97903
00:12:00.000,0.97885,0.97901
00:12:04.000,0.97887,0.97903
00:12:05.000,0.97889,0.97905
00:12:07.000,0.9789,0.97906
00:12:12.000,0.97887,0.97903
00:12:13.000,0.97886,0.97902
00:12:14.000,0.97885,0.97901
00:12:15.000,0.97886,0.97902
00:12:17.000,0.97885,0.97901
00:12:21.000,0.97887,0.97903
00:12:23.000,0.97885,0.97901
00:12:24.000,0.9788,0.97896
00:12:25.000,0.97876,0.97892
00:12:26.000,0.97873,0.97889
00:12:27.000,0.97874,0.9789
00:12:28.000,0.9788,0.97896
00:12:29.000,0.97878,0.97894
00:12:30.000,0.97882,0.97898
00:12:40.000,0.97886,0.97902
00:12:48.000,0.97893,0.97909
00:12:49.000,0.97889,0.97905
00:12:53.000,0.97896,0.97912
00:12:54.000,0.97893,0.97909
00:12:55.000,0.97896,0.97912
00:12:58.000,0.97895,0.97911
00:12:59.000,0.97893,0.97909
00:13:04.000,0.9789,0.97906
00:13:13.000,0.97884,0.979
00:13:14.000,0.9788,0.97896
00:13:15.000,0.97879,0.97895
00:13:19.000,0.97875,0.97891
00:13:20.000,0.97876,0.97892
00:13:21.000,0.97875,0.97891
00:13:22.000,0.97872,0.97888
00:13:23.000,0.97873,0.97889
00:13:24.000,0.97873,0.97889
00:13:31.000,0.97866,0.97882
00:13:32.000,0.97859,0.97875
00:13:33.000,0.97864,0.9788
00:13:34.000,0.97865,0.97881
00:13:44.000,0.97859,0.97875
00:13:45.000,0.97858,0.97874
00:13:50.000,0.9786,0.97876
00:13:55.000,0.97864,0.9788
00:13:56.000,0.97863,0.97879
00:13:57.000,0.97866,0.97882
00:14:02.000,0.97868,0.97884
00:14:03.000,0.97874,0.9789
00:14:13.000,0.97875,0.97891
00:14:21.000,0.97876,0.97892
00:14:37.000,0.97877,0.97893
00:14:44.000,0.97876,0.97892
00:14:45.000,0.97874,0.9789
00:14:53.000,0.97875,0.97891
00:14:54.000,0.97876,0.97892
00:14:58.000,0.97879,0.97895
00:15:05.000,0.97877,0.97893
00:15:17.000,0.97876,0.97892
00:15:26.000,0.97874,0.9789
00:15:37.000,0.97873,0.97889
00:15:40.000,0.97875,0.97891
00:15:53.000,0.97876,0.97892
00:15:54.000,0.97879,0.97895
00:15:57.000,0.97879,0.97895
00:15:58.000,0.97875,0.97891
00:16:38.000,0.97874,0.9789
00:16:50.000,0.97873,0.97889
00:17:12.000,0.97874,0.9789
00:17:13.000,0.97875,0.97891
00:17:14.000,0.97876,0.97892
00:17:15.000,0.9788,0.97896
00:17:17.000,0.97879,0.97895
00:17:19.000,0.97881,0.97897
00:17:25.000,0.97883,0.97899
00:17:26.000,0.97888,0.97904
00:17:37.000,0.97887,0.97903
00:17:57.000,0.97888,0.97904
00:18:30.000,0.97888,0.97904
00:18:31.000,0.97894,0.97922
00:18:37.000,0.97893,0.97921
00:18:49.000,0.97908,0.97936
00:18:50.000,0.97903,0.97931
00:18:51.000,0.97902,0.9793
00:18:58.000,0.979,0.97928
00:18:59.000,0.97892,0.9792
00:19:00.000,0.97885,0.97913
00:19:03.000,0.97884,0.97912
00:19:06.000,0.97884,0.97912
00:19:07.000,0.97883,0.97911
00:19:09.000,0.97882,0.9791
00:19:10.000,0.97882,0.9791
00:19:12.000,0.97884,0.97912
00:19:26.000,0.97882,0.9791
00:19:31.000,0.97884,0.97912
00:19:45.000,0.97886,0.97914
00:19:51.000,0.97888,0.97916
00:20:06.000,0.97886,0.97914
00:20:17.000,0.97887,0.97915
00:20:23.000,0.97889,0.97917
00:20:24.000,0.97889,0.97917
00:20:26.000,0.97907,0.97935
00:20:27.000,0.97902,0.9793
00:20:28.000,0.97903,0.97931
00:20:33.000,0.97905,0.97933
00:20:37.000,0.97904,0.97932
00:20:44.000,0.97904,0.97932
00:20:48.000,0.97902,0.9793
00:20:49.000,0.97903,0.97931
00:21:11.000,0.97901,0.97929
00:21:17.000,0.97902,0.9793
00:21:26.000,0.97902,0.9793
00:21:27.000,0.97902,0.9793
00:21:28.000,0.979,0.97928
00:21:53.000,0.97899,0.97927
00:21:57.000,0.979,0.97928
00:22:04.000,0.97901,0.97929
00:22:05.000,0.97903,0.97931
00:22:07.000,0.97901,0.97929
00:22:08.000,0.97903,0.97931
00:22:12.000,0.97903,0.97931
00:22:17.000,0.97902,0.9793
00:22:40.000,0.97902,0.9793
00:22:41.000,0.97902,0.9793
00:22:54.000,0.97904,0.97932
00:22:55.000,0.97902,0.9793
00:22:57.000,0.97903,0.97931
00:23:14.000,0.97902,0.9793
00:23:23.000,0.97901,0.97929
00:23:48.000,0.97915,0.97943
00:23:49.000,0.97915,0.97943
00:23:50.000,0.97913,0.97941
00:23:57.000,0.97914,0.97942
00:24:03.000,0.97916,0.97944
00:24:10.000,0.97915,0.97943
00:24:21.000,0.97922,0.97935
00:24:56.000,0.97923,0.97936
00:25:10.000,0.97924,0.97937
00:25:38.000,0.97923,0.97936
00:25:48.000,0.97924,0.97937
00:26:03.000,0.97937,0.9795
00:26:17.000,0.97938,0.97951
00:26:28.000,0.97936,0.97949
00:26:37.000,0.97937,0.9795
00:26:40.000,0.97931,0.97944
00:26:42.000,0.97929,0.97942
00:26:47.000,0.97928,0.97941
00:26:48.000,0.97927,0.9794
00:26:53.000,0.97928,0.97941
00:27:00.000,0.9793,0.97943
00:27:04.000,0.97929,0.97942
00:27:17.000,0.9793,0.97943
00:27:19.000,0.97929,0.97942
00:27:51.000,0.97929,0.97942
00:27:57.000,0.9793,0.97943
00:28:02.000,0.97929,0.97942
00:28:18.000,0.97927,0.9794
00:28:31.000,0.97928,0.97941
00:28:37.000,0.97929,0.97942
00:28:52.000,0.9793,0.97943
00:28:57.000,0.97929,0.97942
00:29:08.000,0.97931,0.97944
00:29:09.000,0.97938,0.97951
00:29:17.000,0.97937,0.9795
00:29:21.000,0.97939,0.97952
00:29:22.000,0.97939,0.97952
00:29:23.000,0.97938,0.97951
00:29:25.000,0.97936,0.97949
00:29:26.000,0.97932,0.97945
00:29:32.000,0.97933,0.97946
00:29:35.000,0.97918,0.97931
00:29:36.000,0.97917,0.9793
00:29:41.000,0.97918,0.97931
00:30:10.000,0.97919,0.97932
00:30:11.000,0.9792,0.97933
00:30:14.000,0.97919,0.97932
00:30:17.000,0.9792,0.97933
00:30:20.000,0.97919,0.97932
00:30:37.000,0.97918,0.97931
00:30:48.000,0.97921,0.97934
00:30:49.000,0.97924,0.97937
00:30:52.000,0.97925,0.97938
00:31:00.000,0.97926,0.97939
00:31:01.000,0.97924,0.97937
00:31:07.000,0.97925,0.97938
00:31:18.000,0.97924,0.97937
00:31:29.000,0.97925,0.97938
00:31:46.000,0.97926,0.97939
00:31:47.000,0.97925,0.97938
00:31:53.000,0.97924,0.97937
00:31:56.000,0.97925,0.97938
00:32:06.000,0.97927,0.9794
00:32:13.000,0.97925,0.97938
00:32:30.000,0.97927,0.9794
00:32:48.000,0.97926,0.97939
00:33:29.000,0.97927,0.9794
00:34:37.000,0.97927,0.9794
00:34:57.000,0.97928,0.97941
00:35:44.000,0.97926,0.97939
00:35:57.000,0.97927,0.9794
00:36:01.000,0.97926,0.97939
00:36:03.000,0.97927,0.9794
00:36:08.000,0.97928,0.97941
00:36:09.000,0.97923,0.97936
00:36:10.000,0.97917,0.9793
00:36:11.000,0.97911,0.97924
00:36:12.000,0.97909,0.97922
00:36:26.000,0.97908,0.97921
00:36:28.000,0.97897,0.9791
00:36:29.000,0.97896,0.97909
00:36:31.000,0.97896,0.97909
00:36:37.000,0.97888,0.97916
00:36:40.000,0.97896,0.97924
00:36:44.000,0.97904,0.97917
00:36:48.000,0.97903,0.97916
00:37:03.000,0.97902,0.97915
00:37:05.000,0.97897,0.9791
00:37:06.000,0.97897,0.9791
00:37:37.000,0.97896,0.97909
00:37:39.000,0.97895,0.97908
00:37:43.000,0.97897,0.9791
00:37:57.000,0.97898,0.97911
00:38:07.000,0.97906,0.97919
00:38:08.000,0.97901,0.97914
00:38:11.000,0.97903,0.97916
00:38:25.000,0.97904,0.97917
00:38:27.000,0.97905,0.97918
00:38:29.000,0.97904,0.97917
00:38:32.000,0.97903,0.97916
00:39:06.000,0.97899,0.97912
00:39:07.000,0.97891,0.97904
00:39:14.000,0.97888,0.97901
00:39:15.000,0.97886,0.97899
00:39:16.000,0.97885,0.97898
00:39:17.000,0.97886,0.97899
00:39:26.000,0.97888,0.97901
00:39:29.000,0.97887,0.979
00:39:35.000,0.97886,0.97899
00:40:05.000,0.97887,0.979
00:40:13.000,0.97895,0.97908
00:40:14.000,0.97891,0.97904
00:40:31.000,0.9789,0.97903
00:41:10.000,0.97889,0.97902
00:41:11.000,0.97888,0.97901
00:41:13.000,0.97888,0.97901
00:41:14.000,0.97887,0.979
00:41:15.000,0.97886,0.97899
00:41:26.000,0.97884,0.97897
00:41:30.000,0.97886,0.97899
00:41:40.000,0.97887,0.979
00:42:21.000,0.9789,0.97903
00:42:22.000,0.97908,0.97921
00:42:23.000,0.97904,0.97917
00:42:25.000,0.97905,0.97918
00:42:27.000,0.97903,0.97916
00:42:47.000,0.97906,0.97919
00:42:51.000,0.97905,0.97918
00:43:02.000,0.97904,0.97917
00:43:07.000,0.97905,0.97918
00:43:09.000,0.97903,0.97916
00:43:15.000,0.97902,0.97915
00:43:16.000,0.97903,0.97916
00:43:20.000,0.97902,0.97915
00:43:35.000,0.97895,0.97908
00:43:36.000,0.97886,0.97899
00:43:45.000,0.97885,0.97898
00:44:06.000,0.97886,0.97899
00:44:08.000,0.97887,0.979
00:44:17.000,0.97886,0.97899
00:45:05.000,0.97888,0.97901
00:45:08.000,0.97889,0.97902
00:45:09.000,0.97905,0.97918
00:45:10.000,0.97904,0.97917
00:45:11.000,0.97905,0.97918
00:45:15.000,0.97909,0.97922
00:45:22.000,0.97914,0.97927
00:45:23.000,0.9791,0.97923
00:45:24.000,0.97909,0.97922
00:45:26.000,0.97906,0.97922
00:45:31.000,0.97905,0.97921
00:45:37.000,0.97906,0.97922
00:45:58.000,0.97914,0.9793
00:46:02.000,0.97915,0.97931
00:46:04.000,0.9792,0.97948
00:46:21.000,0.97919,0.97947
00:46:25.000,0.97917,0.97945
00:46:40.000,0.97923,0.97939
00:46:42.000,0.97924,0.9794
00:46:45.000,0.97918,0.97946
00:46:53.000,0.97923,0.97939
00:46:54.000,0.97922,0.97938
00:46:56.000,0.97922,0.97938
00:47:04.000,0.97919,0.97935
00:47:05.000,0.97928,0.97944
00:47:06.000,0.97937,0.97953
00:47:08.000,0.97939,0.97955
00:47:17.000,0.97937,0.97953
00:47:21.000,0.97943,0.97959
00:47:37.000,0.97944,0.9796
00:47:46.000,0.97942,0.97958
00:47:57.000,0.97943,0.97959
00:48:17.000,0.97942,0.97958
00:48:21.000,0.97926,0.97942
00:48:22.000,0.97923,0.97939
00:48:23.000,0.9792,0.97936
00:48:31.000,0.97922,0.97938
00:48:32.000,0.97922,0.97938
00:48:35.000,0.97923,0.97939
00:48:38.000,0.97922,0.97938
00:48:59.000,0.97918,0.97934
00:49:00.000,0.97915,0.97931
00:49:01.000,0.97913,0.97929
00:49:06.000,0.97914,0.9793
00:49:14.000,0.97913,0.97929
00:49:47.000,0.97926,0.97942
00:49:48.000,0.97927,0.97943
00:49:51.000,0.97929,0.97945
00:49:53.000,0.9793,0.97946
00:49:54.000,0.97931,0.97947
00:50:20.000,0.97947,0.97963
00:50:25.000,0.97948,0.97964
00:50:36.000,0.97947,0.97963
00:50:43.000,0.97942,0.97958
00:50:45.000,0.97943,0.97959
00:51:11.000,0.97938,0.97954
00:51:13.000,0.97936,0.97952
00:51:28.000,0.97931,0.97947
00:51:29.000,0.9793,0.97946
00:51:32.000,0.97928,0.97944
00:51:33.000,0.97923,0.97951
00:51:35.000,0.97922,0.9795
00:51:36.000,0.97929,0.97945
00:51:37.000,0.97931,0.97947
00:51:54.000,0.9793,0.97946
00:51:55.000,0.97931,0.97947
00:52:34.000,0.97929,0.97945
00:52:42.000,0.97931,0.97947
00:52:53.000,0.97953,0.97981
00:52:54.000,0.97957,0.97985
00:53:17.000,0.97958,0.97986
00:53:51.000,0.97942,0.9797
00:53:52.000,0.97939,0.97967
00:53:59.000,0.9794,0.97968
00:54:00.000,0.97942,0.9797
00:54:13.000,0.97941,0.97969
00:54:17.000,0.9794,0.97968
00:54:22.000,0.97939,0.97967
00:54:28.000,0.97937,0.97965
00:54:30.000,0.97931,0.97959
00:54:32.000,0.97926,0.97954
00:54:33.000,0.97928,0.97956
00:54:37.000,0.97922,0.9795
00:54:38.000,0.97921,0.97949
00:54:39.000,0.9792,0.97948
00:54:43.000,0.97919,0.97947
00:54:52.000,0.9792,0.97948
00:55:03.000,0.97894,0.97922
00:55:04.000,0.97888,0.97916
00:55:10.000,0.97889,0.97917
00:55:11.000,0.97894,0.97922
00:55:15.000,0.97902,0.9793
00:55:34.000,0.97891,0.97919
00:55:35.000,0.97893,0.97921
00:55:36.000,0.97894,0.97922
00:55:39.000,0.97892,0.9792
00:55:40.000,0.9789,0.97918
00:55:46.000,0.97883,0.97911
00:55:50.000,0.97885,0.97913
00:55:57.000,0.97884,0.97912
00:55:58.000,0.97885,0.97913
00:56:04.000,0.97883,0.97911
00:56:13.000,0.97885,0.97913
00:56:28.000,0.97887,0.97915
00:56:33.000,0.97885,0.97913
00:56:36.000,0.97893,0.97921
00:56:37.000,0.979,0.97928
00:56:38.000,0.97913,0.97926
00:56:57.000,0.97918,0.97946
00:56:58.000,0.9792,0.97948
00:56:59.000,0.97922,0.9795
00:57:12.000,0.9792,0.97948
00:57:13.000,0.97922,0.9795
00:57:17.000,0.97921,0.97949
00:57:39.000,0.97926,0.97954
00:57:40.000,0.97928,0.97956
00:57:44.000,0.97926,0.97954
00:57:57.000,0.97925,0.97953
00:58:17.000,0.97926,0.97954
00:58:37.000,0.97925,0.97953
00:58:39.000,0.97927,0.97955
00:58:57.000,0.97926,0.97954
00:59:01.000,0.97925,0.97953
00:59:02.000,0.97921,0.97949
00:59:27.000,0.97923,0.97951
00:59:36.000,0.97927,0.97955
00:59:41.000,0.97934,0.97947
00:59:44.000,0.97935,0.97948
01:00:06.000,0.97932,0.97945
01:00:07.000,0.97931,0.97944
01:00:20.000,0.97928,0.97941
01:00:31.000,0.9793,0.97943
01:00:32.000,0.97931,0.97944
01:00:33.000,0.97936,0.97949
01:00:51.000,0.97945,0.97958
01:00:52.000,0.97946,0.97959
01:00:53.000,0.97947,0.9796
01:01:10.000,0.97951,0.97964
01:01:13.000,0.97949,0.97962
01:01:17.000,0.9795,0.97963
01:01:22.000,0.97951,0.97964
01:01:37.000,0.97948,0.97961
01:01:41.000,0.97949,0.97962
01:01:52.000,0.97947,0.9796
01:01:57.000,0.97948,0.97961
01:01:59.000,0.97949,0.97962
01:02:17.000,0.9795,0.97963
01:02:37.000,0.97953,0.97966
01:02:46.000,0.97955,0.97968
01:02:47.000,0.97956,0.97969
01:02:49.000,0.97966,0.97979
01:02:57.000,0.97967,0.9798
01:03:07.000,0.9797,0.97983
01:03:12.000,0.97963,0.97991
01:03:37.000,0.97962,0.9799
01:03:57.000,0.97963,0.97991
01:04:07.000,0.97961,0.97989
01:04:37.000,0.9796,0.97988
01:04:44.000,0.97962,0.9799
01:04:46.000,0.97964,0.97992
01:04:58.000,0.97962,0.9799
01:05:51.000,0.97966,0.97994
01:05:52.000,0.97963,0.97991
01:06:11.000,0.9796,0.97988
01:06:17.000,0.97961,0.97989
01:06:33.000,0.97946,0.97974
01:06:34.000,0.97952,0.9798
01:06:39.000,0.97953,0.97981
01:06:40.000,0.97957,0.97985
01:06:46.000,0.97953,0.97981
01:06:55.000,0.9796,0.97973
01:07:17.000,0.97961,0.97974
01:07:37.000,0.9796,0.97973
01:07:57.000,0.97961,0.97974
01:08:17.000,0.9796,0.97973
01:08:56.000,0.97959,0.97972
01:09:02.000,0.97961,0.97974
01:09:10.000,0.97959,0.97972
01:09:30.000,0.9796,0.97973
01:09:34.000,0.97959,0.97972
01:09:36.000,0.97961,0.97974
01:09:37.000,0.97959,0.97972
01:09:39.000,0.9796,0.97973
01:09:46.000,0.97958,0.97971
01:09:47.000,0.9796,0.97973
01:10:03.000,0.9796,0.97973
01:10:04.000,0.97958,0.97971
01:10:07.000,0.97952,0.97965
01:10:34.000,0.9795,0.97963
01:11:14.000,0.97949,0.97962
01:11:44.000,0.9795,0.97963
01:11:45.000,0.97951,0.97964
01:12:08.000,0.97957,0.9797
01:12:09.000,0.97956,0.97969
01:12:10.000,0.97957,0.9797
01:12:12.000,0.9796,0.97973
01:12:17.000,0.97961,0.97974
01:12:23.000,0.97957,0.9797
01:12:24.000,0.97958,0.97971
01:12:25.000,0.97957,0.9797
01:13:09.000,0.9796,0.97973
01:13:18.000,0.9796,0.97973
01:13:21.000,0.97968,0.97981
01:13:24.000,0.97969,0.97982
01:13:34.000,0.9797,0.97983
01:13:49.000,0.97968,0.97981
01:13:55.000,0.97967,0.9798
01:13:57.000,0.97966,0.97979
01:13:58.000,0.97966,0.97979
01:14:47.000,0.97967,0.9798
01:14:48.000,0.97966,0.97979
01:14:50.000,0.97965,0.97978
01:14:54.000,0.97964,0.97977
01:15:17.000,0.97965,0.97978
01:15:21.000,0.97966,0.97979
01:15:28.000,0.97964,0.97977
01:15:30.000,0.97959,0.97972
01:15:32.000,0.97958,0.97971
01:15:42.000,0.97956,0.97969
01:15:56.000,0.97957,0.9797
01:16:16.000,0.97959,0.97972
01:16:20.000,0.97958,0.97971
01:16:21.000,0.97963,0.97976
01:16:36.000,0.97965,0.97978
01:16:37.000,0.97964,0.97977
01:17:37.000,0.97964,0.97977
01:18:57.000,0.97964,0.97977
01:18:58.000,0.97971,0.97984
01:18:59.000,0.9797,0.97983
01:19:02.000,0.97971,0.97984
01:19:06.000,0.97967,0.9798
01:19:07.000,0.97967,0.9798
01:19:12.000,0.97965,0.97978
01:19:13.000,0.97964,0.97977
01:19:14.000,0.97963,0.97976
01:19:15.000,0.97963,0.97976
01:19:23.000,0.97965,0.97978
01:19:25.000,0.97964,0.97977
01:19:43.000,0.97963,0.97976
01:19:46.000,0.97962,0.97975
01:19:47.000,0.97961,0.97974
01:19:51.000,0.97965,0.97978
01:20:26.000,0.97964,0.97977
01:20:29.000,0.97965,0.97978
01:20:35.000,0.97965,0.97978
01:20:39.000,0.97963,0.97976
01:20:46.000,0.97964,0.97977
01:21:35.000,0.97963,0.97976
01:22:14.000,0.97962,0.97975
01:22:37.000,0.97963,0.97976
01:22:43.000,0.97965,0.97978
01:22:44.000,0.97972,0.97985
01:22:46.000,0.97973,0.97986
01:22:54.000,0.97965,0.97978
01:22:57.000,0.97962,0.97975
01:23:01.000,0.97963,0.97976
01:24:03.000,0.97964,0.97977
01:24:04.000,0.97975,0.97988
01:24:29.000,0.97976,0.97989
01:24:35.000,0.97976,0.97989
01:24:37.000,0.97983,0.97996
01:24:51.000,0.97981,0.97994
01:24:52.000,0.97985,0.97998
01:25:01.000,0.97989,0.98002
01:25:06.000,0.97982,0.97995
01:25:07.000,0.97985,0.97998
01:25:12.000,0.97973,0.97986
01:25:15.000,0.97981,0.97994
01:26:01.000,0.97978,0.97991
01:26:02.000,0.97983,0.97996
01:26:03.000,0.97979,0.97992
01:26:06.000,0.97976,0.97989
01:26:17.000,0.97977,0.9799
01:26:30.000,0.97987,0.98
01:26:42.000,0.97988,0.98001
01:27:06.000,0.97985,0.97998
01:27:07.000,0.97981,0.97994
01:27:08.000,0.97982,0.97995
01:27:17.000,0.97981,0.97994
01:27:23.000,0.97977,0.9799
01:27:24.000,0.97975,0.97988
01:27:28.000,0.97973,0.97986
01:27:38.000,0.97972,0.97985
01:27:53.000,0.97968,0.97981
01:27:54.000,0.97969,0.97982
01:27:57.000,0.97968,0.97981
01:28:01.000,0.97967,0.9798
01:28:08.000,0.97968,0.97981
01:28:16.000,0.97964,0.97977
01:28:17.000,0.97964,0.97977
01:28:27.000,0.97965,0.97978
01:28:29.000,0.97966,0.97979
01:29:17.000,0.97967,0.9798
01:29:29.000,0.97966,0.97979
01:29:51.000,0.97967,0.9798
01:30:06.000,0.97964,0.97977
01:30:09.000,0.97966,0.97979
01:30:16.000,0.97967,0.9798
01:30:17.000,0.97964,0.97977
01:30:19.000,0.97965,0.97978
01:30:21.000,0.97966,0.97979
01:30:34.000,0.97965,0.97978
01:30:46.000,0.97963,0.97976
01:30:47.000,0.97962,0.97975
01:30:57.000,0.97963,0.97976
01:31:17.000,0.97962,0.97975
01:31:30.000,0.97963,0.97976
01:31:57.000,0.97964,0.97977
01:32:02.000,0.97965,0.97978
01:32:11.000,0.97963,0.97976
01:32:14.000,0.97965,0.97978
01:32:15.000,0.97966,0.97979
01:32:27.000,0.97967,0.9798
01:32:28.000,0.97976,0.97989
01:32:42.000,0.97978,0.97991
01:32:45.000,0.97977,0.9799
01:32:54.000,0.97976,0.97989
01:33:14.000,0.97975,0.97988
01:33:15.000,0.97974,0.97987
01:33:18.000,0.97975,0.97988
01:33:46.000,0.97973,0.97986
01:33:55.000,0.97975,0.97988
01:33:57.000,0.97974,0.97987
01:34:17.000,0.97975,0.97988
01:34:47.000,0.97973,0.97986
01:34:50.000,0.97974,0.97987
01:34:54.000,0.97973,0.97986
01:35:05.000,0.97975,0.97988
01:35:19.000,0.97976,0.97989
01:35:57.000,0.97977,0.9799
01:36:12.000,0.97976,0.97989
01:36:22.000,0.97975,0.97988
01:36:23.000,0.97974,0.97987
01:36:27.000,0.97969,0.97982
01:36:28.000,0.9797,0.97983
01:36:31.000,0.97971,0.97984
01:36:57.000,0.97972,0.97985
01:37:03.000,0.97971,0.97984
01:37:06.000,0.97965,0.97978
01:37:16.000,0.97965,0.97978
01:37:20.000,0.97966,0.97979
01:37:21.000,0.97967,0.9798
01:37:31.000,0.97966,0.97979
01:37:51.000,0.97965,0.97978
01:38:00.000,0.97966,0.97979
01:38:04.000,0.97967,0.9798
01:38:17.000,0.97966,0.97979
01:38:18.000,0.97967,0.9798
01:38:32.000,0.97966,0.97979
01:38:34.000,0.97967,0.9798
01:38:36.000,0.9797,0.97983
01:38:37.000,0.9797,0.97983
01:38:39.000,0.97966,0.97979
01:38:40.000,0.97965,0.97978
01:38:42.000,0.97969,0.97982
01:39:03.000,0.9797,0.97983
01:39:04.000,0.97971,0.97984
01:39:05.000,0.97971,0.97984
01:39:11.000,0.97972,0.97985
01:39:15.000,0.97973,0.97986
01:39:30.000,0.97974,0.97987
01:39:37.000,0.97975,0.97988
01:39:50.000,0.97976,0.97989
01:40:01.000,0.97973,0.97986
01:40:21.000,0.97974,0.97987
01:40:26.000,0.97973,0.97986
01:40:27.000,0.97974,0.97987
01:40:28.000,0.97972,0.97985
01:40:31.000,0.97971,0.97984
01:40:34.000,0.97966,0.97979
01:40:35.000,0.9797,0.97983
01:41:14.000,0.97971,0.97984
01:41:55.000,0.9797,0.97983
01:41:57.000,0.97971,0.97984
01:42:37.000,0.97972,0.97985
01:42:54.000,0.97973,0.97986
01:42:57.000,0.97974,0.97987
01:43:45.000,0.97972,0.97985
01:43:46.000,0.97973,0.97986
01:43:57.000,0.97974,0.97987
01:44:08.000,0.97984,0.97997
01:45:02.000,0.97977,0.9799
01:45:03.000,0.97972,0.97985
01:45:06.000,0.97974,0.97987
01:45:13.000,0.97977,0.9799
01:45:14.000,0.97978,0.97991
01:45:26.000,0.97979,0.97992
01:45:28.000,0.97978,0.97991
01:45:35.000,0.97976,0.97989
01:45:59.000,0.97967,0.9798
01:46:00.000,0.97965,0.97978
01:46:01.000,0.97963,0.97976
01:46:06.000,0.97964,0.97977
01:46:10.000,0.97962,0.97975
01:46:14.000,0.97962,0.97975
01:46:15.000,0.97964,0.97977
01:46:17.000,0.97963,0.97976
01:46:53.000,0.97957,0.9797
01:46:54.000,0.97953,0.97966
01:46:55.000,0.97955,0.97968
01:46:56.000,0.97956,0.97969
01:47:08.000,0.97949,0.97962
01:47:09.000,0.97951,0.97964
01:47:10.000,0.97946,0.97959
01:47:14.000,0.97947,0.9796
01:47:28.000,0.97938,0.97951
01:47:29.000,0.97941,0.97954
01:47:30.000,0.97933,0.97946
01:47:31.000,0.97936,0.97949
01:47:37.000,0.97934,0.97947
01:47:38.000,0.97929,0.97942
01:47:46.000,0.97925,0.97938
01:47:57.000,0.97924,0.97937
01:48:10.000,0.97935,0.97948
01:48:13.000,0.9794,0.97953
01:48:14.000,0.97939,0.97952
01:48:16.000,0.9794,0.97953
01:48:29.000,0.97938,0.97951
01:48:37.000,0.97939,0.97952
01:48:38.000,0.97949,0.97962
01:48:39.000,0.97943,0.97956
01:48:41.000,0.97942,0.97955
01:48:50.000,0.97943,0.97956
01:48:54.000,0.97942,0.97955
01:49:04.000,0.9794,0.97953
01:49:17.000,0.97941,0.97954
01:49:37.000,0.97942,0.97955
01:49:45.000,0.97943,0.97956
01:49:57.000,0.97942,0.97955
01:50:17.000,0.97943,0.97956
01:50:24.000,0.97946,0.97959
01:50:25.000,0.97944,0.97957
01:50:30.000,0.97942,0.97955
01:50:31.000,0.97939,0.97952
01:50:37.000,0.9794,0.97953
01:50:38.000,0.97942,0.97955
01:50:39.000,0.97942,0.97955
01:50:56.000,0.97943,0.97956
01:50:58.000,0.97944,0.97957
01:50:59.000,0.97957,0.9797
01:51:00.000,0.9795,0.97963
01:51:01.000,0.97947,0.9796
01:51:21.000,0.97946,0.97959
01:51:34.000,0.97947,0.9796
01:51:57.000,0.97946,0.97959
01:52:06.000,0.97945,0.97958
01:52:54.000,0.97944,0.97957
01:52:55.000,0.97944,0.97957
01:52:56.000,0.97943,0.97956
01:53:09.000,0.97942,0.97955
01:53:17.000,0.97943,0.97956
01:53:40.000,0.97941,0.97954
01:53:46.000,0.97944,0.97957
01:53:47.000,0.97939,0.97952
01:53:48.000,0.97935,0.97948
01:53:49.000,0.97933,0.97946
01:54:14.000,0.97934,0.97947
01:54:25.000,0.9794,0.97953
01:54:37.000,0.97939,0.97952
01:54:43.000,0.9794,0.97953
01:55:17.000,0.97941,0.97954
01:55:20.000,0.97936,0.97949
01:55:21.000,0.97942,0.97955
01:55:22.000,0.97937,0.9795
01:55:23.000,0.97929,0.97942
01:55:24.000,0.97927,0.9794
01:55:25.000,0.97924,0.97937
01:55:26.000,0.97923,0.97936
01:55:28.000,0.97922,0.97935
01:55:29.000,0.97923,0.97936
01:55:30.000,0.97921,0.97934
01:55:31.000,0.97922,0.97935
01:55:37.000,0.97923,0.97936
01:55:38.000,0.9792,0.97933
01:55:39.000,0.97918,0.97931
01:55:43.000,0.97919,0.97932
01:55:54.000,0.9792,0.97933
01:55:58.000,0.97922,0.97935
01:56:04.000,0.97925,0.97938
01:56:05.000,0.97924,0.97937
01:56:10.000,0.97927,0.9794
01:56:14.000,0.97929,0.97942
01:56:17.000,0.97928,0.97941
01:56:18.000,0.9793,0.97943
01:56:24.000,0.97928,0.97941
01:56:28.000,0.97929,0.97942
01:56:34.000,0.97949,0.97962
01:56:37.000,0.97949,0.97962
01:56:44.000,0.97948,0.97961
01:56:49.000,0.9794,0.97968
01:56:52.000,0.97942,0.9797
01:56:54.000,0.97946,0.97974
01:56:57.000,0.97945,0.97973
01:56:59.000,0.97951,0.97979
01:57:09.000,0.97956,0.97984
01:57:11.000,0.97958,0.97986
01:57:12.000,0.9796,0.97988
01:57:54.000,0.97962,0.9799
01:57:57.000,0.97964,0.97992
01:58:02.000,0.97968,0.97996
01:58:03.000,0.9797,0.97998
01:58:17.000,0.97971,0.97999
01:58:18.000,0.97974,0.98002
01:58:26.000,0.97971,0.97999
01:58:27.000,0.97971,0.97999
01:58:37.000,0.97969,0.97997
01:59:17.000,0.9797,0.97998
01:59:33.000,0.97965,0.97993
01:59:34.000,0.97965,0.97993
01:59:39.000,0.97971,0.97999
01:59:40.000,0.97973,0.98001
01:59:46.000,0.97971,0.97999
01:59:48.000,0.97969,0.97997
01:59:57.000,0.97968,0.97996
02:00:04.000,0.97969,0.97997
02:00:05.000,0.97959,0.97987
02:00:06.000,0.97947,0.97975
02:00:10.000,0.97945,0.97973
02:00:13.000,0.97943,0.97971
02:00:23.000,0.97942,0.9797
02:00:25.000,0.9794,0.97968
02:00:33.000,0.97948,0.97976
02:00:34.000,0.97947,0.97975
02:00:37.000,0.97947,0.97975
02:00:43.000,0.97944,0.97972
02:00:57.000,0.97946,0.97974
02:01:01.000,0.97945,0.97973
02:01:04.000,0.97943,0.97971
02:01:10.000,0.97942,0.9797
02:01:17.000,0.97943,0.97971
02:01:20.000,0.97944,0.97972
02:01:24.000,0.97943,0.97971
02:01:25.000,0.97942,0.9797
02:01:29.000,0.97939,0.97967
02:01:45.000,0.97943,0.97971
02:01:49.000,0.97945,0.97973
02:01:50.000,0.97956,0.97969
02:01:51.000,0.97968,0.97981
02:02:17.000,0.97967,0.9798
02:02:55.000,0.97968,0.97981
02:02:57.000,0.97967,0.9798
02:03:57.000,0.97967,0.9798
02:04:17.000,0.97966,0.97979
02:04:41.000,0.97965,0.97978
02:04:44.000,0.97965,0.97978
02:04:53.000,0.97967,0.9798
02:05:04.000,0.97965,0.97978
02:05:16.000,0.97963,0.97976
02:05:17.000,0.97964,0.97977
02:05:32.000,0.97966,0.97979
02:05:35.000,0.97964,0.97977
02:05:59.000,0.97964,0.97977
02:06:06.000,0.97965,0.97978
02:06:51.000,0.97963,0.97976
02:06:59.000,0.97966,0.97979
02:07:04.000,0.97963,0.97976
02:07:05.000,0.97965,0.97978
02:07:26.000,0.97963,0.97976
02:07:27.000,0.97964,0.97977
02:07:29.000,0.97952,0.97965
02:07:30.000,0.97949,0.97962
02:07:31.000,0.97948,0.97961
02:07:35.000,0.97948,0.97961
02:07:41.000,0.97925,0.97953
02:07:44.000,0.97923,0.97951
02:07:57.000,0.97924,0.97952
02:08:03.000,0.97922,0.9795
02:08:14.000,0.9792,0.97948
02:08:17.000,0.97921,0.97949
02:08:22.000,0.97918,0.97946
02:08:34.000,0.97918,0.97946
02:09:04.000,0.97917,0.97945
02:09:28.000,0.97919,0.97947
02:09:37.000,0.97918,0.97946
02:09:42.000,0.97918,0.97946
02:09:53.000,0.9792,0.97948
02:10:04.000,0.97918,0.97946
02:10:06.000,0.9792,0.97948
02:10:11.000,0.97918,0.97946
02:10:22.000,0.97918,0.97946
02:10:27.000,0.97916,0.97944
02:10:37.000,0.97917,0.97945
02:10:57.000,0.97916,0.97944
02:10:59.000,0.97918,0.97946
02:11:00.000,0.97917,0.97945
02:11:01.000,0.97915,0.97943
02:11:03.000,0.97917,0.97945
02:11:17.000,0.97916,0.97944
02:11:57.000,0.97917,0.97945
02:12:02.000,0.97921,0.97949
02:12:12.000,0.97919,0.97947
02:12:17.000,0.9792,0.97948
02:12:18.000,0.9792,0.97948
02:12:36.000,0.9792,0.97948
02:12:37.000,0.9792,0.97948
02:12:48.000,0.97936,0.97949
02:12:51.000,0.97945,0.97958
02:12:52.000,0.97935,0.97948
02:13:08.000,0.97933,0.97946
02:13:09.000,0.97934,0.97947
02:13:20.000,0.97925,0.97938
02:13:21.000,0.97926,0.97939
02:13:22.000,0.97927,0.9794
02:13:23.000,0.9793,0.97943
02:13:36.000,0.97932,0.97945
02:13:37.000,0.97931,0.97944
02:13:41.000,0.97936,0.97949
02:13:42.000,0.97933,0.97946
02:13:47.000,0.97931,0.97944
02:13:49.000,0.97936,0.97949
02:13:50.000,0.97933,0.97946
02:14:12.000,0.97928,0.97941
02:14:13.000,0.97931,0.97944
02:14:18.000,0.97932,0.97945
02:14:19.000,0.97931,0.97944
02:14:33.000,0.97929,0.97942
02:15:17.000,0.97928,0.97941
02:15:32.000,0.97927,0.9794
02:15:33.000,0.97925,0.97938
02:15:53.000,0.97926,0.97939
02:15:56.000,0.97925,0.97938
02:15:57.000,0.97924,0.97937
02:16:27.000,0.97926,0.97939
02:16:43.000,0.97928,0.97941
02:16:44.000,0.9795,0.97963
02:16:45.000,0.97948,0.97961
02:16:46.000,0.97946,0.97959
02:16:58.000,0.97937,0.9795
02:16:59.000,0.97933,0.97946
02:17:00.000,0.97932,0.97945
02:17:18.000,0.97933,0.97946
02:17:24.000,0.97932,0.97945
02:17:26.000,0.97931,0.97944
02:17:42.000,0.97922,0.97935
02:17:43.000,0.97922,0.97935
02:17:44.000,0.97922,0.97935
02:18:57.000,0.97922,0.97935
02:19:01.000,0.97929,0.97942
02:19:05.000,0.97931,0.97944
02:19:06.000,0.97935,0.97948
02:19:34.000,0.97934,0.97947
02:19:36.000,0.97933,0.97946
02:19:37.000,0.97936,0.97949
02:19:45.000,0.9793,0.97943
02:19:46.000,0.97929,0.97942
02:19:54.000,0.97936,0.97949
02:19:55.000,0.97935,0.97948
02:19:57.000,0.97936,0.97949
02:19:58.000,0.97937,0.9795
02:20:09.000,0.97936,0.97949
02:20:17.000,0.97937,0.9795
02:20:25.000,0.97935,0.97948
02:20:31.000,0.9793,0.97943
02:20:32.000,0.97933,0.97946
02:20:33.000,0.97934,0.97947
02:20:37.000,0.97933,0.97946
02:20:55.000,0.9794,0.97953
02:20:56.000,0.97945,0.97958
02:20:57.000,0.97939,0.97952
02:20:58.000,0.97926,0.97939
02:20:59.000,0.97924,0.97937
02:21:00.000,0.97922,0.97935
02:21:01.000,0.97921,0.97934
02:21:03.000,0.97921,0.97934
02:21:08.000,0.97926,0.97939
02:21:09.000,0.97931,0.97944
02:21:10.000,0.97933,0.97946
02:21:24.000,0.97942,0.97955
02:21:25.000,0.97937,0.9795
02:21:32.000,0.97933,0.97946
02:21:33.000,0.97931,0.97944
02:21:34.000,0.97934,0.97947
02:21:35.000,0.97935,0.97948
02:21:54.000,0.97933,0.97946
02:22:09.000,0.97936,0.97949
02:22:13.000,0.97934,0.97947
02:22:49.000,0.9794,0.97953
02:22:51.000,0.97942,0.97955
02:22:55.000,0.97941,0.97954
02:22:56.000,0.9794,0.97953
02:23:06.000,0.97942,0.97955
02:23:11.000,0.97947,0.9796
02:23:23.000,0.97952,0.97965
02:23:24.000,0.97953,0.97966
02:23:25.000,0.97959,0.97972
02:23:27.000,0.97958,0.97971
02:23:28.000,0.97953,0.97966
02:23:29.000,0.97948,0.97961
02:23:31.000,0.97953,0.97966
02:23:32.000,0.97958,0.97971
02:23:33.000,0.97965,0.97978
02:23:36.000,0.97969,0.97982
02:23:37.000,0.97976,0.97989
02:23:39.000,0.97974,0.97987
02:23:40.000,0.97959,0.97972
02:23:41.000,0.97959,0.97972
02:23:42.000,0.97963,0.97976
02:23:46.000,0.97958,0.97971
02:23:47.000,0.97952,0.97965
02:23:48.000,0.97955,0.97968
02:23:49.000,0.97957,0.9797
02:23:56.000,0.97965,0.97978
02:24:02.000,0.97962,0.97975
02:24:03.000,0.97959,0.97972
02:24:09.000,0.97959,0.97972
02:24:14.000,0.9796,0.97973
02:24:15.000,0.97945,0.97958
02:24:16.000,0.97931,0.97944
02:24:17.000,0.97935,0.97948
02:24:29.000,0.97938,0.97951
02:24:30.000,0.97941,0.97954
02:24:35.000,0.97942,0.97955
02:24:42.000,0.97945,0.97958
02:24:44.000,0.97944,0.97957
02:24:47.000,0.97927,0.9794
02:24:48.000,0.97914,0.97927
02:24:49.000,0.97914,0.97927
02:24:50.000,0.97912,0.97925
02:24:52.000,0.97901,0.97929
02:24:59.000,0.97903,0.97931
02:25:05.000,0.97901,0.97929
02:25:11.000,0.97903,0.97931
02:25:12.000,0.97905,0.97933
02:25:17.000,0.97904,0.97932
02:25:22.000,0.97905,0.97933
02:25:23.000,0.97915,0.97928
02:25:25.000,0.97916,0.97929
02:25:26.000,0.97921,0.97934
02:25:27.000,0.97922,0.97935
02:25:34.000,0.9792,0.97933
02:25:35.000,0.97926,0.97939
02:25:42.000,0.97937,0.9795
02:25:43.000,0.97938,0.97951
02:25:47.000,0.97939,0.97952
02:25:52.000,0.97931,0.97959
02:26:01.000,0.97928,0.97956
02:26:11.000,0.97926,0.97954
02:26:16.000,0.97931,0.97959
02:26:18.000,0.97928,0.97956
02:26:19.000,0.97925,0.97953
02:26:20.000,0.97927,0.97955
02:26:28.000,0.97938,0.97951
02:26:33.000,0.97941,0.97954
02:26:35.000,0.97945,0.97958
02:26:39.000,0.97947,0.9796
02:26:41.000,0.97942,0.97955
02:26:42.000,0.97943,0.97956
02:26:43.000,0.97941,0.97954
02:27:13.000,0.97943,0.97956
02:27:15.000,0.97944,0.97957
02:27:16.000,0.97946,0.97959
02:27:31.000,0.97946,0.97959
02:27:34.000,0.97947,0.9796
02:27:38.000,0.97949,0.97962
02:27:39.000,0.97956,0.97969
02:27:41.000,0.97955,0.97968
02:28:01.000,0.97945,0.97958
02:28:02.000,0.9796,0.97973
02:28:03.000,0.97964,0.97977
02:28:04.000,0.97963,0.97976
02:28:05.000,0.97964,0.97977
02:28:08.000,0.97967,0.9798
02:28:09.000,0.97979,0.97992
02:28:10.000,0.97981,0.97994
02:28:11.000,0.97983,0.97996
02:28:14.000,0.97988,0.98001
02:28:15.000,0.97982,0.9801
02:28:17.000,0.97983,0.98011
02:28:26.000,0.97981,0.98009
02:28:37.000,0.97982,0.9801
02:29:37.000,0.97982,0.9801
02:30:19.000,0.97984,0.98012
02:30:24.000,0.97982,0.9801
02:30:28.000,0.9798,0.98008
02:30:31.000,0.97979,0.98007
02:30:48.000,0.97973,0.98001
02:30:49.000,0.97979,0.97992
02:30:53.000,0.97977,0.9799
02:30:55.000,0.97942,0.9797
02:30:56.000,0.97934,0.97962
02:30:57.000,0.97934,0.97962
02:30:59.000,0.97932,0.9796
02:31:00.000,0.97923,0.97951
02:31:02.000,0.9792,0.97948
02:31:03.000,0.97912,0.9794
02:31:05.000,0.9791,0.97938
02:31:09.000,0.97919,0.97947
02:31:10.000,0.9791,0.97938
02:31:12.000,0.97919,0.97947
02:31:30.000,0.97917,0.97945
02:31:37.000,0.97898,0.97926
02:31:38.000,0.97896,0.97924
02:31:39.000,0.97894,0.97922
02:31:45.000,0.97897,0.97925
02:31:47.000,0.97895,0.97923
02:32:03.000,0.97893,0.97921
02:32:04.000,0.97887,0.97915
02:32:09.000,0.97885,0.97913
02:32:17.000,0.97886,0.97914
02:32:24.000,0.97884,0.97912
02:32:27.000,0.97886,0.97914
02:32:31.000,0.97887,0.97915
02:32:42.000,0.97891,0.97919
02:33:00.000,0.97886,0.97914
02:33:01.000,0.97886,0.97914
02:33:02.000,0.97889,0.97917
02:33:03.000,0.9789,0.97918
02:33:04.000,0.97892,0.9792
02:33:05.000,0.9789,0.97918
02:33:13.000,0.97897,0.9791
02:33:23.000,0.97899,0.97912
02:33:52.000,0.97891,0.97904
02:33:53.000,0.97888,0.97901
02:34:01.000,0.97891,0.97904
02:34:14.000,0.97889,0.97902
02:34:29.000,0.97887,0.979
02:35:37.000,0.97887,0.979
02:36:37.000,0.97888,0.97901
02:37:06.000,0.97887,0.979
02:37:13.000,0.97888,0.97901
02:37:17.000,0.97887,0.979
02:37:21.000,0.97888,0.97901
02:37:37.000,0.97889,0.97902
02:37:51.000,0.97891,0.97904
02:37:53.000,0.97893,0.97906
02:37:57.000,0.97892,0.97905
02:37:58.000,0.97893,0.97906
02:37:59.000,0.97895,0.97908
02:38:00.000,0.9789,0.97903
02:38:39.000,0.97892,0.97905
02:38:40.000,0.979,0.97913
02:38:44.000,0.97901,0.97914
02:38:51.000,0.97899,0.97912
02:38:53.000,0.979,0.97913
02:38:54.000,0.97906,0.97919
02:38:55.000,0.9791,0.97923
02:38:56.000,0.97917,0.9793
02:38:57.000,0.97918,0.97931
02:39:03.000,0.97916,0.97929
02:39:22.000,0.97918,0.97931
02:39:35.000,0.97917,0.9793
02:39:42.000,0.97919,0.97932
02:39:43.000,0.97922,0.97935
02:39:48.000,0.97923,0.97936
02:39:49.000,0.97917,0.97945
02:39:57.000,0.97916,0.97944
02:40:17.000,0.97917,0.97945
02:40:24.000,0.97915,0.97943
02:40:25.000,0.97919,0.97932
02:40:26.000,0.97921,0.97934
02:40:31.000,0.97923,0.97936
02:40:35.000,0.97927,0.9794
02:40:36.000,0.97924,0.97937
02:40:37.000,0.97925,0.97938
02:40:39.000,0.97922,0.97935
02:40:57.000,0.97923,0.97936
02:41:01.000,0.97923,0.97936
02:41:17.000,0.97922,0.97935
02:41:19.000,0.97921,0.97934
02:41:21.000,0.97923,0.97936
02:41:29.000,0.97926,0.97939
02:41:31.000,0.9793,0.97943
02:41:32.000,0.97934,0.97947
02:41:33.000,0.97931,0.97944
02:41:34.000,0.97937,0.9795
02:41:37.000,0.97936,0.97949
02:41:40.000,0.97937,0.9795
02:42:22.000,0.97935,0.97948
02:42:35.000,0.97937,0.9795
02:42:50.000,0.97947,0.9796
02:42:57.000,0.97946,0.97959
02:43:14.000,0.97945,0.97958
02:43:32.000,0.97944,0.97957
02:43:37.000,0.97945,0.97958
02:43:45.000,0.97946,0.97959
02:43:47.000,0.97949,0.97962
02:43:55.000,0.97954,0.97967
02:43:56.000,0.97957,0.9797
02:43:57.000,0.97952,0.97965
02:43:58.000,0.97952,0.97965
02:43:59.000,0.97956,0.97969
02:44:17.000,0.97955,0.97968
02:44:57.000,0.97956,0.97969
02:45:57.000,0.97956,0.97969
02:46:08.000,0.97958,0.97971
02:46:11.000,0.97962,0.97975
02:46:22.000,0.97966,0.97979
02:46:26.000,0.97968,0.97981
02:46:28.000,0.97968,0.97981
02:46:35.000,0.97968,0.97981
02:46:37.000,0.97969,0.97982
02:46:38.000,0.97966,0.97979
02:46:45.000,0.97965,0.97978
02:46:56.000,0.97966,0.97979
02:47:28.000,0.9797,0.97983
02:47:49.000,0.97975,0.97988
02:48:04.000,0.97977,0.9799
02:48:05.000,0.97978,0.97991
02:48:06.000,0.97972,0.97985
02:48:08.000,0.97976,0.97989
02:48:09.000,0.97977,0.9799
02:48:10.000,0.97979,0.97992
02:48:12.000,0.97984,0.97997
02:48:13.000,0.97982,0.97995
02:48:15.000,0.97979,0.97992
02:48:37.000,0.9798,0.97993
02:48:46.000,0.97981,0.97994
02:48:47.000,0.97986,0.97999
02:48:56.000,0.97987,0.98
02:48:57.000,0.97988,0.98001
02:48:58.000,0.97988,0.98001
02:49:01.000,0.97987,0.98
02:49:02.000,0.97991,0.98004
02:49:12.000,0.98008,0.98021
02:49:13.000,0.98009,0.98022
02:49:15.000,0.98014,0.98027
02:49:16.000,0.98008,0.98021
02:49:18.000,0.98001,0.98014
02:49:22.000,0.98004,0.98017
02:49:23.000,0.98004,0.98017
02:49:39.000,0.98007,0.9802
02:49:40.000,0.98004,0.98017
02:49:50.000,0.98,0.98013
02:49:56.000,0.97988,0.98001
02:50:06.000,0.97994,0.98007
02:50:14.000,0.97992,0.98005
02:50:15.000,0.97992,0.98005
02:50:19.000,0.97994,0.98007
02:50:35.000,0.97988,0.98001
02:50:37.000,0.97986,0.97999
02:50:57.000,0.97985,0.97998
02:51:06.000,0.97987,0.98
02:51:28.000,0.97983,0.97996
02:51:31.000,0.97986,0.97999
02:51:44.000,0.97988,0.98001
02:51:49.000,0.97988,0.98001
02:51:50.000,0.97989,0.98002
02:51:51.000,0.97988,0.98001
02:52:07.000,0.97988,0.98001
02:52:08.000,0.97988,0.98001
02:52:17.000,0.97987,0.98
02:52:35.000,0.97984,0.97997
02:52:36.000,0.97986,0.97999
02:52:37.000,0.97988,0.98001
02:52:38.000,0.97987,0.98
02:52:45.000,0.97987,0.98
02:52:52.000,0.97988,0.98001
02:52:53.000,0.97987,0.98
02:52:59.000,0.97988,0.98001
02:53:06.000,0.97988,0.98001
02:53:07.000,0.9799,0.98003
02:53:17.000,0.97989,0.98002
02:53:37.000,0.9799,0.98003
02:53:40.000,0.97991,0.98004
02:53:47.000,0.97993,0.98006
02:53:54.000,0.97996,0.98009
02:53:55.000,0.98,0.98013
02:53:56.000,0.98001,0.98014
02:53:57.000,0.98007,0.9802
02:53:58.000,0.98008,0.98021
02:54:06.000,0.98009,0.98022
02:54:07.000,0.9801,0.98023
02:54:09.000,0.98009,0.98022
02:54:11.000,0.9801,0.98023
02:54:17.000,0.98014,0.98027
02:54:19.000,0.98009,0.98022
02:54:48.000,0.98014,0.98027
02:54:49.000,0.98009,0.98022
02:54:57.000,0.98008,0.98021
02:55:02.000,0.98009,0.98022
02:55:08.000,0.98007,0.9802
02:55:09.000,0.98006,0.98019
02:55:43.000,0.98012,0.98025
02:55:51.000,0.98014,0.98027
02:55:57.000,0.98013,0.98026
02:56:37.000,0.98014,0.98027
02:57:07.000,0.98013,0.98026
02:57:12.000,0.9802,0.98033
02:57:15.000,0.98019,0.98032
02:57:17.000,0.98021,0.98034
02:57:18.000,0.98023,0.98036
02:57:24.000,0.98024,0.98037
02:57:26.000,0.98023,0.98036
02:57:46.000,0.98023,0.98036
02:57:50.000,0.98022,0.98035
02:57:51.000,0.98016,0.98029
02:57:54.000,0.98017,0.9803
02:58:05.000,0.98015,0.98028
02:58:18.000,0.98016,0.98029
02:58:32.000,0.98015,0.98028
02:59:36.000,0.98013,0.98026
02:59:47.000,0.98011,0.98024
02:59:57.000,0.98012,0.98025
03:00:22.000,0.98011,0.98024
03:01:17.000,0.98012,0.98025
03:01:18.000,0.98018,0.98031
03:01:19.000,0.98015,0.98028
03:01:21.000,0.98013,0.98026
03:02:11.000,0.98009,0.98022
03:02:14.000,0.98003,0.98016
03:02:27.000,0.97995,0.98008
03:02:37.000,0.97992,0.98005
03:02:46.000,0.97993,0.98006
03:03:53.000,0.97992,0.98005
03:04:37.000,0.97994,0.98007
03:04:38.000,0.97993,0.98006
03:05:37.000,0.97992,0.98005
03:05:41.000,0.97993,0.98006
03:06:14.000,0.97991,0.98004
03:06:20.000,0.97987,0.98
03:06:21.000,0.97992,0.98005
03:07:08.000,0.97994,0.98007
03:07:14.000,0.97993,0.98006
03:07:18.000,0.9799,0.98003
03:07:35.000,0.9799,0.98003
03:07:37.000,0.97991,0.98004
03:07:52.000,0.97993,0.98006
03:07:57.000,0.97992,0.98005
03:07:59.000,0.97997,0.9801
03:08:01.000,0.97995,0.98008
03:08:09.000,0.97999,0.98012
03:08:12.000,0.98013,0.98026
03:08:13.000,0.98014,0.98027
03:08:18.000,0.98016,0.98029
03:08:37.000,0.98015,0.98028
03:08:49.000,0.98004,0.98032
03:08:50.000,0.98005,0.98033
03:08:57.000,0.98006,0.98034
03:09:02.000,0.98005,0.98033
03:09:06.000,0.98006,0.98034
03:09:35.000,0.98008,0.98036
03:09:36.000,0.98013,0.98041
03:09:37.000,0.98024,0.98037
03:09:39.000,0.98026,0.98039
03:10:57.000,0.98026,0.98039
03:12:17.000,0.98026,0.98039
03:12:57.000,0.98025,0.98038
03:13:57.000,0.98025,0.98038
03:14:57.000,0.98026,0.98039
03:15:33.000,0.98025,0.98038
03:15:57.000,0.98024,0.98037
03:16:37.000,0.98025,0.98038
03:17:17.000,0.98024,0.98037
03:18:17.000,0.98024,0.98037
03:19:37.000,0.98024,0.98037
03:20:11.000,0.98023,0.98036
03:20:17.000,0.98024,0.98037
03:20:37.000,0.98023,0.98036
03:20:57.000,0.98024,0.98037
03:21:03.000,0.98021,0.98034
03:21:04.000,0.98014,0.98027
03:21:06.000,0.98015,0.98028
03:21:08.000,0.98016,0.98029
03:21:14.000,0.98014,0.98027
03:21:43.000,0.98016,0.98029
03:21:54.000,0.98015,0.98028
03:22:22.000,0.98013,0.98026
03:22:36.000,0.98007,0.9802
03:22:38.000,0.98005,0.98018
03:23:57.000,0.98005,0.98018
03:24:25.000,0.98001,0.98014
03:24:26.000,0.98,0.98013
03:25:37.000,0.98,0.98013
03:25:40.000,0.97987,0.98
03:25:41.000,0.97984,0.97997
03:25:44.000,0.97985,0.97998
03:25:47.000,0.97989,0.98002
03:25:48.000,0.9799,0.98003
03:25:57.000,0.97991,0.98004
03:26:00.000,0.97985,0.97998
03:26:01.000,0.97984,0.97997
03:26:02.000,0.97982,0.97995
03:26:17.000,0.97983,0.97996
03:26:23.000,0.97985,0.97998
03:26:28.000,0.97984,0.97997
03:26:29.000,0.97983,0.97996
03:26:30.000,0.97981,0.97994
03:26:40.000,0.97982,0.97995
03:26:56.000,0.97983,0.97996
03:26:57.000,0.97984,0.97997
03:26:59.000,0.97986,0.97999
03:27:00.000,0.97987,0.98
03:27:01.000,0.9799,0.98003
03:27:17.000,0.97989,0.98002
03:28:02.000,0.9799,0.98003
03:28:33.000,0.97978,0.97991
03:28:34.000,0.97974,0.97987
03:28:35.000,0.97973,0.97986
03:28:36.000,0.97972,0.97985
03:28:37.000,0.97973,0.97986
03:28:54.000,0.97975,0.97988
03:29:57.000,0.97975,0.97988
03:30:06.000,0.97976,0.97989
03:30:14.000,0.97977,0.9799
03:30:20.000,0.97976,0.97989
03:30:24.000,0.97974,0.97987
03:30:43.000,0.97973,0.97986
03:30:50.000,0.97973,0.97986
03:30:59.000,0.97974,0.97987
03:31:05.000,0.97973,0.97986
03:31:06.000,0.97963,0.97976
03:31:17.000,0.97964,0.97977
03:31:19.000,0.97963,0.97976
03:31:20.000,0.97964,0.97977
03:31:22.000,0.97967,0.9798
03:31:24.000,0.97974,0.97987
03:31:25.000,0.97975,0.97988
03:31:37.000,0.97976,0.97989
03:31:38.000,0.97977,0.9799
03:31:57.000,0.97976,0.97989
03:32:43.000,0.97974,0.97987
03:32:44.000,0.97973,0.97986
03:32:57.000,0.97975,0.97988
03:33:04.000,0.97974,0.97987
03:33:06.000,0.97973,0.97986
03:33:12.000,0.97969,0.97982
03:33:13.000,0.97967,0.9798
03:33:14.000,0.97966,0.97979
03:33:16.000,0.97965,0.97978
03:33:17.000,0.97964,0.97977
03:33:22.000,0.97957,0.97985
03:33:37.000,0.97956,0.97984
03:33:49.000,0.97954,0.97982
03:33:50.000,0.9795,0.97978
03:34:57.000,0.97951,0.97979
03:35:20.000,0.97956,0.97984
03:35:37.000,0.9795,0.97978
03:35:49.000,0.97949,0.97977
03:36:10.000,0.97955,0.97983
03:36:12.000,0.97957,0.97985
03:36:13.000,0.97955,0.97983
03:36:18.000,0.97951,0.97979
03:36:43.000,0.97949,0.97977
03:36:54.000,0.97947,0.97975
03:36:57.000,0.97948,0.97976
03:37:20.000,0.97949,0.97977
03:37:21.000,0.97951,0.97979
03:37:37.000,0.9795,0.97978
03:38:37.000,0.9795,0.97978
03:38:57.000,0.97949,0.97977
03:39:01.000,0.97946,0.97974
03:39:02.000,0.97942,0.9797
03:39:06.000,0.97939,0.97967
03:39:17.000,0.97938,0.97966
03:39:29.000,0.97929,0.97957
03:39:30.000,0.97931,0.97959
03:39:31.000,0.97932,0.9796
03:39:40.000,0.9793,0.97958
03:39:46.000,0.97932,0.9796
03:40:08.000,0.9793,0.97958
03:40:17.000,0.97931,0.97959
03:40:18.000,0.97929,0.97957
03:40:19.000,0.97928,0.97956
03:40:30.000,0.9793,0.97958
03:40:31.000,0.97931,0.97959
03:40:57.000,0.97932,0.9796
03:41:01.000,0.97938,0.97966
03:41:06.000,0.97946,0.97959
03:41:11.000,0.97945,0.97958
03:41:19.000,0.97947,0.9796
03:41:25.000,0.97948,0.97961
03:41:26.000,0.97949,0.97962
03:41:27.000,0.9795,0.97963
03:41:33.000,0.97955,0.97968
03:41:35.000,0.97959,0.97972
03:41:37.000,0.97958,0.97971
03:42:01.000,0.97957,0.9797
03:42:26.000,0.97955,0.97968
03:42:27.000,0.97949,0.97962
03:42:28.000,0.97948,0.97961
03:42:30.000,0.9795,0.97963
03:42:31.000,0.97949,0.97962
03:42:41.000,0.97948,0.97961
03:42:55.000,0.97945,0.97958
03:42:56.000,0.97946,0.97959
03:42:57.000,0.97947,0.9796
03:42:58.000,0.97945,0.97958
03:42:59.000,0.97947,0.9796
03:43:01.000,0.97943,0.97956
03:43:04.000,0.97942,0.97955
03:43:20.000,0.9794,0.97953
03:43:25.000,0.97944,0.97957
03:43:26.000,0.97943,0.97956
03:43:27.000,0.97944,0.97957
03:43:30.000,0.97944,0.97957
03:43:32.000,0.97945,0.97958
03:44:34.000,0.97948,0.97961
03:44:37.000,0.97947,0.9796
03:44:48.000,0.9795,0.97963
03:44:57.000,0.97949,0.97962
03:45:35.000,0.97946,0.97959
03:45:36.000,0.97943,0.97956
03:45:37.000,0.97945,0.97958
03:45:38.000,0.97946,0.97959
03:45:40.000,0.97945,0.97958
03:45:41.000,0.97946,0.97959
03:45:45.000,0.97949,0.97962
03:45:54.000,0.97951,0.97964
03:45:57.000,0.9795,0.97963
03:46:06.000,0.97947,0.9796
03:46:16.000,0.97945,0.97958
03:46:18.000,0.97947,0.9796
03:46:19.000,0.97948,0.97961
03:46:23.000,0.97948,0.97961
03:46:29.000,0.97951,0.97964
03:46:31.000,0.97952,0.97965
03:46:32.000,0.97953,0.97966
03:46:35.000,0.97949,0.97962
03:46:36.000,0.9795,0.97963
03:46:52.000,0.97949,0.97962
03:47:00.000,0.97947,0.9796
03:47:02.000,0.97946,0.97959
03:47:03.000,0.97947,0.9796
03:47:17.000,0.97946,0.97959
03:47:22.000,0.97944,0.97957
03:47:37.000,0.97945,0.97958
03:47:38.000,0.97946,0.97959
03:47:40.000,0.97947,0.9796
03:47:42.000,0.97948,0.97961
03:48:57.000,0.97948,0.97961
03:48:58.000,0.97949,0.97962
03:49:08.000,0.97945,0.97958
03:49:09.000,0.97943,0.97956
03:49:13.000,0.97945,0.97958
03:49:14.000,0.97947,0.9796
03:49:15.000,0.97948,0.97961
03:49:18.000,0.97948,0.97961
03:49:30.000,0.97949,0.97962
03:49:37.000,0.9795,0.97963
03:49:39.000,0.97951,0.97964
03:50:31.000,0.97954,0.97967
03:50:32.000,0.97954,0.97967
03:50:35.000,0.97956,0.97969
03:50:41.000,0.97957,0.9797
03:50:43.000,0.97958,0.97971
03:50:53.000,0.97956,0.97969
03:50:54.000,0.97955,0.97968
03:50:57.000,0.97953,0.97966
03:51:01.000,0.97952,0.97965
03:51:13.000,0.97956,0.97969
03:51:14.000,0.9796,0.97973
03:51:15.000,0.9796,0.97973
03:51:18.000,0.97959,0.97972
03:51:40.000,0.97962,0.97975
03:51:45.000,0.97961,0.97974
03:51:46.000,0.9796,0.97973
03:51:48.000,0.97961,0.97974
03:51:53.000,0.97963,0.97976
03:51:54.000,0.97964,0.97977
03:51:55.000,0.97965,0.97978
03:51:57.000,0.97966,0.97979
03:52:01.000,0.9796,0.97973
03:52:02.000,0.9796,0.97973
03:52:04.000,0.97961,0.97974
03:52:25.000,0.9796,0.97973
03:52:42.000,0.97955,0.97968
03:52:43.000,0.97953,0.97966
03:52:44.000,0.97954,0.97967
03:52:50.000,0.97953,0.97966
03:52:52.000,0.97951,0.97964
03:52:53.000,0.97948,0.97961
03:52:54.000,0.97945,0.97958
03:52:56.000,0.97946,0.97959
03:53:06.000,0.97945,0.97958
03:53:07.000,0.97948,0.97961
03:53:11.000,0.97949,0.97962
03:53:12.000,0.97947,0.9796
03:53:13.000,0.97947,0.9796
03:53:17.000,0.97948,0.97961
03:53:21.000,0.97948,0.97961
03:53:24.000,0.97949,0.97962
03:53:27.000,0.97948,0.97961
03:53:28.000,0.97951,0.97964
03:53:29.000,0.9795,0.97963
03:53:33.000,0.97955,0.97968
03:53:37.000,0.97955,0.97968
03:53:56.000,0.97955,0.97968
03:54:16.000,0.97956,0.97969
03:54:17.000,0.97963,0.97976
03:54:18.000,0.97962,0.97975
03:54:20.000,0.97964,0.97977
03:54:21.000,0.97962,0.97975
03:54:22.000,0.97967,0.9798
03:54:31.000,0.97968,0.97981
03:54:37.000,0.97967,0.9798
03:54:39.000,0.97966,0.97979
03:54:48.000,0.97967,0.9798
03:55:03.000,0.97966,0.97979
03:55:16.000,0.97965,0.97978
03:55:17.000,0.97964,0.97977
03:55:18.000,0.97963,0.97976
03:55:21.000,0.97964,0.97977
03:55:22.000,0.97962,0.97975
03:55:23.000,0.97957,0.9797
03:55:24.000,0.97958,0.97971
03:55:25.000,0.97959,0.97972
03:55:28.000,0.9796,0.97973
03:55:35.000,0.97958,0.97971
03:55:37.000,0.97959,0.97972
03:55:41.000,0.9796,0.97973
03:55:50.000,0.97961,0.97974
03:55:57.000,0.97962,0.97975
03:56:00.000,0.97963,0.97976
03:56:02.000,0.97961,0.97974
03:56:03.000,0.97961,0.97974
03:56:57.000,0.97962,0.97975
03:57:00.000,0.97963,0.97976
03:57:26.000,0.9796,0.97973
03:57:33.000,0.97961,0.97974
03:57:51.000,0.97962,0.97975
03:57:52.000,0.97963,0.97976
03:57:56.000,0.97966,0.97979
03:57:57.000,0.97967,0.9798
03:58:56.000,0.97963,0.97976
03:59:12.000,0.97964,0.97977
03:59:14.000,0.97965,0.97978
03:59:33.000,0.97966,0.97979
03:59:47.000,0.97967,0.9798
03:59:51.000,0.97968,0.97981
04:00:42.000,0.97967,0.9798
04:00:57.000,0.97968,0.97981
04:01:17.000,0.9797,0.97983
04:01:26.000,0.97977,0.9799
04:01:27.000,0.97981,0.97994
04:01:30.000,0.97983,0.97996
04:01:31.000,0.97985,0.97998
04:01:32.000,0.97986,0.97999
04:01:33.000,0.97991,0.98004
04:01:37.000,0.97992,0.98005
04:01:38.000,0.97993,0.98006
04:01:40.000,0.97993,0.98006
04:01:45.000,0.98001,0.98014
04:01:46.000,0.98004,0.98017
04:01:47.000,0.98007,0.98035
04:01:48.000,0.98013,0.98041
04:01:51.000,0.98015,0.98043
04:01:53.000,0.98013,0.98041
04:01:54.000,0.98011,0.98039
04:01:55.000,0.98009,0.98037
04:01:56.000,0.98008,0.98036
04:01:57.000,0.98009,0.98037
04:02:00.000,0.9801,0.98038
04:02:04.000,0.98009,0.98037
04:02:08.000,0.98007,0.98035
04:02:13.000,0.98003,0.98031
04:02:14.000,0.98003,0.98031
04:02:19.000,0.98003,0.98031
04:02:20.000,0.98005,0.98033
04:02:22.000,0.98006,0.98034
04:02:25.000,0.98008,0.98036
04:02:26.000,0.9801,0.98038
04:02:39.000,0.98007,0.98035
04:02:42.000,0.98005,0.98033
04:02:44.000,0.98003,0.98031
04:02:45.000,0.98005,0.98033
04:02:52.000,0.98006,0.98034
04:02:53.000,0.98005,0.98033
04:02:56.000,0.98003,0.98031
04:02:57.000,0.98002,0.9803
04:03:01.000,0.98004,0.98032
04:03:03.000,0.98005,0.98033
04:03:05.000,0.98008,0.98036
04:03:10.000,0.98007,0.98035
04:03:18.000,0.98008,0.98036
04:03:25.000,0.98007,0.98035
04:03:40.000,0.98005,0.98033
04:03:48.000,0.98003,0.98031
04:03:52.000,0.98001,0.98029
04:03:56.000,0.97999,0.98027
04:03:57.000,0.98001,0.98029
04:04:00.000,0.98004,0.98032
04:04:02.000,0.98002,0.9803
04:04:03.000,0.97993,0.98021
04:04:04.000,0.97991,0.98019
04:04:10.000,0.97982,0.9801
04:04:11.000,0.97978,0.98006
04:04:12.000,0.97987,0.98015
04:04:18.000,0.97991,0.98019
04:04:21.000,0.9799,0.98018
04:04:25.000,0.9798,0.98008
04:04:28.000,0.97979,0.98007
04:04:29.000,0.97981,0.98009
04:04:30.000,0.97989,0.98017
04:04:31.000,0.9799,0.98018
04:04:35.000,0.97992,0.9802
04:04:37.000,0.97996,0.98024
04:04:57.000,0.97995,0.98023
04:05:08.000,0.98003,0.98031
04:05:09.000,0.98003,0.98031
04:05:11.000,0.97994,0.98022
04:05:12.000,0.9799,0.98018
04:05:15.000,0.98,0.98013
04:05:16.000,0.98001,0.98014
04:05:23.000,0.97999,0.98012
04:05:25.000,0.98,0.98013
04:05:27.000,0.98005,0.98018
04:05:28.000,0.98007,0.9802
04:05:30.000,0.98008,0.98021
04:05:43.000,0.97997,0.9801
04:05:49.000,0.98,0.98013
04:05:57.000,0.98002,0.98015
04:05:59.000,0.98001,0.98014
04:06:12.000,0.98009,0.98022
04:06:13.000,0.98009,0.98022
04:06:34.000,0.98016,0.98029
04:06:37.000,0.98011,0.98024
04:06:38.000,0.98011,0.98024
04:06:44.000,0.98007,0.9802
04:06:45.000,0.98009,0.98022
04:07:17.000,0.98008,0.98021
04:07:18.000,0.98003,0.98016
04:07:19.000,0.97994,0.98007
04:07:20.000,0.97994,0.98007
04:07:21.000,0.97995,0.98008
04:07:35.000,0.98,0.98013
04:07:36.000,0.98001,0.98014
04:07:40.000,0.98002,0.98015
04:07:41.000,0.98001,0.98014
04:07:48.000,0.97997,0.9801
04:07:49.000,0.97996,0.98009
04:07:51.000,0.97997,0.9801
04:07:54.000,0.97995,0.98008
04:07:57.000,0.97996,0.98009
04:08:39.000,0.97997,0.9801
04:08:51.000,0.97995,0.98008
04:08:53.000,0.9799,0.98003
04:09:05.000,0.97991,0.98004
04:09:14.000,0.97999,0.98012
04:09:16.000,0.98,0.98013
04:09:26.000,0.97999,0.98012
04:10:02.000,0.98001,0.98014
04:10:03.000,0.98004,0.98017
04:10:17.000,0.98003,0.98016
04:10:37.000,0.98002,0.98015
04:10:40.000,0.98,0.98013
04:10:54.000,0.97997,0.9801
04:11:08.000,0.97994,0.98007
04:11:14.000,0.97993,0.98006
04:11:17.000,0.97988,0.98001
04:11:18.000,0.97987,0.98
04:12:07.000,0.97988,0.98001
04:12:35.000,0.97984,0.97997
04:12:36.000,0.97976,0.97989
04:12:37.000,0.97976,0.97989
04:12:40.000,0.97977,0.9799
04:12:48.000,0.97976,0.97989
04:12:58.000,0.97978,0.97991
04:13:03.000,0.97977,0.9799
04:13:23.000,0.9798,0.97993
04:13:24.000,0.9798,0.97993
04:13:25.000,0.97981,0.97994
04:13:27.000,0.97982,0.97995
04:13:29.000,0.97981,0.97994
04:13:34.000,0.9798,0.97993
04:13:36.000,0.97978,0.97991
04:13:37.000,0.9798,0.97993
04:13:38.000,0.97983,0.97996
04:13:39.000,0.97982,0.97995
04:13:52.000,0.97983,0.97996
04:13:54.000,0.97985,0.97998
04:13:57.000,0.97984,0.97997
04:14:05.000,0.97986,0.97999
04:14:16.000,0.9799,0.98003
04:14:34.000,0.97988,0.98001
04:14:35.000,0.97989,0.98002
04:14:36.000,0.97982,0.97995
04:14:37.000,0.9798,0.97993
04:14:40.000,0.97982,0.97995
04:14:46.000,0.97979,0.97992
04:14:57.000,0.9798,0.97993
04:15:04.000,0.97978,0.97991
04:15:17.000,0.97979,0.97992
04:15:18.000,0.9798,0.97993
04:15:20.000,0.9799,0.98003
04:15:21.000,0.9799,0.98003
04:15:22.000,0.97988,0.98001
04:15:23.000,0.97989,0.98002
04:15:28.000,0.97989,0.98002
04:15:29.000,0.9799,0.98003
04:15:30.000,0.97989,0.98002
04:15:42.000,0.97986,0.97999
04:15:43.000,0.97983,0.97996
04:15:48.000,0.97983,0.97996
04:15:50.000,0.97982,0.97995
04:15:57.000,0.97981,0.97994
04:15:59.000,0.97979,0.97992
04:16:06.000,0.9798,0.97993
04:16:13.000,0.97977,0.9799
04:16:14.000,0.97964,0.97977
04:16:15.000,0.97965,0.97978
04:16:16.000,0.97965,0.97978
04:16:17.000,0.97964,0.97977
04:16:18.000,0.97965,0.97978
04:16:20.000,0.97967,0.9798
04:16:28.000,0.97966,0.97979
04:16:54.000,0.97965,0.97978
04:17:47.000,0.97963,0.97976
04:17:48.000,0.97963,0.97976
04:17:57.000,0.97962,0.97975
04:18:17.000,0.97963,0.97976
04:18:23.000,0.97966,0.97979
04:18:34.000,0.97965,0.97978
04:18:38.000,0.97963,0.97976
04:18:41.000,0.97964,0.97977
04:19:04.000,0.97962,0.97975
04:19:14.000,0.97957,0.9797
04:19:50.000,0.97958,0.97971
04:20:13.000,0.9796,0.97973
04:20:24.000,0.97967,0.9798
04:20:25.000,0.97971,0.97984
04:20:26.000,0.97972,0.97985
04:20:47.000,0.97973,0.97986
04:20:48.000,0.97976,0.97989
04:20:52.000,0.97971,0.97984
04:20:53.000,0.97968,0.97981
04:21:04.000,0.97967,0.9798
04:21:09.000,0.97956,0.97969
04:21:10.000,0.97955,0.97968
04:21:17.000,0.97954,0.97967
04:21:18.000,0.97949,0.97962
04:21:29.000,0.9795,0.97963
04:22:37.000,0.9795,0.97963
04:22:43.000,0.97949,0.97962
04:22:44.000,0.97947,0.9796
04:22:45.000,0.97948,0.97961
04:22:48.000,0.97947,0.9796
04:22:57.000,0.97948,0.97961
04:23:04.000,0.97949,0.97962
04:23:05.000,0.9795,0.97963
04:23:12.000,0.97951,0.97964
04:23:31.000,0.97952,0.97965
04:23:40.000,0.97954,0.97967
04:23:41.000,0.97954,0.97967
04:23:48.000,0.97956,0.97969
04:23:49.000,0.97955,0.97968
04:23:50.000,0.97954,0.97967
04:24:48.000,0.97956,0.97969
04:24:57.000,0.97955,0.97968
04:24:58.000,0.97957,0.9797
04:25:02.000,0.97952,0.97965
04:25:03.000,0.97947,0.9796
04:25:04.000,0.97948,0.97961
04:25:07.000,0.97949,0.97962
04:25:09.000,0.97948,0.97961
04:25:10.000,0.97954,0.97967
04:25:12.000,0.97957,0.9797
04:25:13.000,0.97961,0.97974
04:25:14.000,0.97962,0.97975
04:25:15.000,0.97965,0.97978
04:25:16.000,0.97968,0.97981
04:25:17.000,0.9797,0.97983
04:25:30.000,0.97971,0.97984
04:26:10.000,0.9797,0.97983
04:27:17.000,0.9797,0.97983
04:27:23.000,0.97958,0.97971
04:27:34.000,0.9796,0.97973
04:27:44.000,0.97962,0.97975
04:27:45.000,0.97963,0.97976
04:28:04.000,0.97966,0.97979
04:28:06.000,0.97967,0.9798
04:28:17.000,0.97969,0.97982
04:28:18.000,0.9797,0.97983
04:28:21.000,0.97971,0.97984
04:28:23.000,0.97972,0.97985
04:28:55.000,0.97975,0.97988
04:29:57.000,0.97975,0.97988
04:30:28.000,0.97976,0.97989
04:30:30.000,0.97981,0.97994
04:30:31.000,0.97989,0.98002
04:30:33.000,0.9799,0.98003
04:30:57.000,0.97991,0.98004
04:31:17.000,0.9799,0.98003
04:31:35.000,0.97982,0.97995
04:31:36.000,0.97986,0.97999
04:31:43.000,0.97983,0.97996
04:31:52.000,0.97981,0.97994
04:32:14.000,0.97983,0.97996
04:32:17.000,0.97982,0.97995
04:32:22.000,0.9798,0.97993
04:32:29.000,0.97982,0.97995
04:32:30.000,0.97987,0.98
04:32:31.000,0.97986,0.97999
04:32:38.000,0.97985,0.97998
04:32:39.000,0.97986,0.97999
04:33:11.000,0.97985,0.97998
04:33:12.000,0.97981,0.97994
04:33:57.000,0.97982,0.97995
04:34:57.000,0.97982,0.97995
04:36:17.000,0.97982,0.97995
04:37:37.000,0.97982,0.97995
04:37:48.000,0.97987,0.98
04:38:04.000,0.97988,0.98001
04:39:17.000,0.97988,0.98001
04:39:37.000,0.97989,0.98002
04:39:47.000,0.97991,0.98004
04:39:50.000,0.97988,0.98001
04:39:53.000,0.97993,0.98006
04:40:01.000,0.97994,0.98007
04:40:20.000,0.98,0.98013
04:40:57.000,0.98001,0.98014
04:41:37.000,0.98,0.98013
04:41:48.000,0.98,0.98013
04:41:49.000,0.97997,0.9801
04:42:07.000,0.97997,0.9801
04:42:21.000,0.97996,0.98009
04:42:22.000,0.97998,0.98011
04:42:28.000,0.98,0.98013
04:42:29.000,0.98004,0.98017
04:42:37.000,0.98005,0.98018
04:43:37.000,0.98005,0.98018
04:44:06.000,0.98008,0.98021
04:44:07.000,0.98023,0.98036
04:44:08.000,0.9802,0.98033
04:44:12.000,0.98018,0.98031
04:44:13.000,0.9802,0.98033
04:44:14.000,0.98021,0.98034
04:44:32.000,0.98018,0.98031
04:44:33.000,0.98019,0.98032
04:44:48.000,0.98018,0.98031
04:44:51.000,0.98017,0.9803
04:44:52.000,0.98018,0.98031
04:44:55.000,0.98017,0.9803
04:44:58.000,0.98018,0.98031
04:44:59.000,0.98019,0.98032
04:45:02.000,0.98021,0.98034
04:45:05.000,0.98018,0.98031
04:45:26.000,0.98017,0.9803
04:45:32.000,0.98018,0.98031
04:45:33.000,0.98019,0.98032
04:45:34.000,0.9802,0.98033
04:45:57.000,0.98019,0.98032
04:46:13.000,0.98021,0.98034
04:46:18.000,0.98022,0.98035
04:46:24.000,0.9802,0.98033
04:46:25.000,0.98022,0.98035
04:46:27.000,0.98021,0.98034
04:46:29.000,0.98022,0.98035
04:46:31.000,0.98021,0.98034
04:46:33.000,0.98022,0.98035
04:46:34.000,0.98023,0.98036
04:46:47.000,0.98024,0.98037
04:46:56.000,0.98025,0.98038
04:47:12.000,0.98024,0.98037
04:47:13.000,0.98028,0.98041
04:47:19.000,0.98026,0.98039
04:47:37.000,0.98027,0.9804
04:47:57.000,0.98026,0.98039
04:48:42.000,0.98024,0.98037
04:48:54.000,0.98026,0.98039
04:48:57.000,0.98025,0.98038
04:49:17.000,0.98026,0.98039
04:49:21.000,0.98024,0.98037
04:50:37.000,0.98025,0.98038
04:51:37.000,0.98025,0.98038
04:51:42.000,0.98027,0.9804
04:51:47.000,0.98026,0.98039
04:52:57.000,0.98026,0.98039
04:52:59.000,0.98023,0.98036
04:53:03.000,0.98016,0.98029
04:53:25.000,0.98016,0.98029
04:54:09.000,0.98015,0.98028
04:54:17.000,0.98016,0.98029
04:54:25.000,0.98015,0.98028
04:54:28.000,0.98016,0.98029
04:54:31.000,0.98015,0.98028
04:54:32.000,0.98014,0.98027
04:54:35.000,0.98012,0.98025
04:54:36.000,0.98014,0.98027
04:54:37.000,0.98013,0.98026
04:54:39.000,0.98013,0.98026
04:54:40.000,0.98009,0.98022
04:54:41.000,0.98008,0.98021
04:54:57.000,0.98009,0.98022
04:55:23.000,0.98001,0.98014
04:55:24.000,0.97999,0.98012
04:55:25.000,0.98,0.98013
04:56:10.000,0.98001,0.98014
04:56:17.000,0.98,0.98013
04:56:34.000,0.97999,0.98012
04:56:35.000,0.97998,0.98011
04:56:37.000,0.97999,0.98012
04:56:40.000,0.97996,0.98009
04:56:45.000,0.97996,0.98009
04:56:46.000,0.97996,0.98009
04:56:47.000,0.97996,0.98009
04:56:51.000,0.97998,0.98011
04:56:52.000,0.98,0.98013
04:56:55.000,0.97997,0.9801
04:56:57.000,0.97998,0.98011
04:56:58.000,0.97996,0.98009
04:57:15.000,0.97995,0.98008
04:57:25.000,0.97993,0.98006
04:57:27.000,0.97994,0.98007
04:57:32.000,0.97993,0.98006
04:57:48.000,0.97994,0.98007
04:57:51.000,0.97995,0.98008
04:57:52.000,0.97996,0.98009
04:57:53.000,0.97995,0.98008
04:57:58.000,0.97996,0.98009
04:58:15.000,0.97996,0.98009
04:58:22.000,0.97997,0.9801
04:58:54.000,0.97998,0.98011
04:59:08.000,0.97997,0.9801
04:59:44.000,0.97999,0.98012
04:59:51.000,0.97998,0.98011
05:00:37.000,0.97999,0.98012
05:00:38.000,0.98,0.98013
05:00:39.000,0.97999,0.98012
05:00:41.000,0.97998,0.98011
05:00:42.000,0.98001,0.98014
05:00:44.000,0.98002,0.98015
05:00:45.000,0.98004,0.98017
05:00:57.000,0.98003,0.98016
05:01:06.000,0.98006,0.98019
05:01:07.000,0.98013,0.98026
05:01:08.000,0.98012,0.98025
05:01:09.000,0.98013,0.98026
05:01:10.000,0.98013,0.98026
05:01:14.000,0.98013,0.98026
05:01:15.000,0.98012,0.98025
05:01:16.000,0.98012,0.98025
05:01:20.000,0.98013,0.98026
05:01:23.000,0.98013,0.98026
05:01:24.000,0.98015,0.98028
05:01:26.000,0.98017,0.9803
05:01:27.000,0.98018,0.98031
05:01:32.000,0.98017,0.9803
05:01:33.000,0.98017,0.9803
05:01:38.000,0.98017,0.9803
05:01:39.000,0.98017,0.9803
05:01:45.000,0.9802,0.98033
05:01:46.000,0.98017,0.9803
05:01:52.000,0.9802,0.98033
05:01:53.000,0.98021,0.98034
05:01:55.000,0.98017,0.9803
05:01:56.000,0.98017,0.9803
05:01:57.000,0.98017,0.9803
05:01:59.000,0.98019,0.98032
05:02:00.000,0.98017,0.9803
05:02:04.000,0.98017,0.9803
05:02:05.000,0.98019,0.98032
05:02:06.000,0.98017,0.9803
05:02:11.000,0.98019,0.98032
05:02:12.000,0.98016,0.98029
05:02:16.000,0.98017,0.9803
05:02:17.000,0.98019,0.98032
05:02:18.000,0.98018,0.98031
05:02:22.000,0.98019,0.98032
05:02:23.000,0.98017,0.9803
05:02:29.000,0.9802,0.98033
05:02:30.000,0.98017,0.9803
05:02:35.000,0.98019,0.98032
05:02:36.000,0.98019,0.98032
05:02:37.000,0.98017,0.9803
05:02:42.000,0.9802,0.98033
05:02:43.000,0.98017,0.9803
05:02:49.000,0.98019,0.98032
05:02:50.000,0.98017,0.9803
05:02:54.000,0.98018,0.98031
05:02:55.000,0.98019,0.98032
05:02:56.000,0.98017,0.9803
05:02:57.000,0.98018,0.98031
05:03:03.000,0.98014,0.98027
05:03:16.000,0.98015,0.98028
05:03:17.000,0.98014,0.98027
05:03:34.000,0.98016,0.98029
05:03:37.000,0.98015,0.98028
05:03:47.000,0.98014,0.98027
05:04:48.000,0.98013,0.98026
05:04:49.000,0.98015,0.98028
05:05:04.000,0.98011,0.98024
05:05:05.000,0.98009,0.98022
05:05:06.000,0.98011,0.98024
05:05:08.000,0.9801,0.98023
05:05:12.000,0.98011,0.98024
05:05:19.000,0.98011,0.98024
05:05:24.000,0.98012,0.98025
05:05:25.000,0.98011,0.98024
05:05:31.000,0.98012,0.98025
05:05:32.000,0.98011,0.98024
05:05:38.000,0.98013,0.98026
05:05:39.000,0.98011,0.98024
05:05:44.000,0.98013,0.98026
05:05:45.000,0.98014,0.98027
05:05:46.000,0.98011,0.98024
05:05:51.000,0.98015,0.98028
05:06:53.000,0.98014,0.98027
05:06:58.000,0.98015,0.98028
05:07:17.000,0.98016,0.98029
05:07:37.000,0.98015,0.98028
05:07:57.000,0.98016,0.98029
05:08:19.000,0.98017,0.9803
05:08:36.000,0.98018,0.98031
05:08:37.000,0.98017,0.9803
05:09:17.000,0.98016,0.98029
05:09:59.000,0.98016,0.98029
05:10:09.000,0.98014,0.98027
05:10:10.000,0.98011,0.98024
05:10:11.000,0.98012,0.98025
05:10:12.000,0.98013,0.98026
05:10:13.000,0.98007,0.9802
05:10:14.000,0.98006,0.98019
05:10:15.000,0.98003,0.98016
05:10:29.000,0.98002,0.98015
05:10:37.000,0.98001,0.98014
05:10:38.000,0.98004,0.98017
05:10:50.000,0.98005,0.98018
05:11:00.000,0.98007,0.9802
05:11:10.000,0.98005,0.98018
05:11:19.000,0.98004,0.98017
05:11:36.000,0.98003,0.98016
05:11:37.000,0.98002,0.98015
05:12:09.000,0.98003,0.98016
05:12:10.000,0.98005,0.98018
05:12:17.000,0.98004,0.98017
05:12:33.000,0.98004,0.98017
05:12:34.000,0.98008,0.98021
05:12:35.000,0.98012,0.98025
05:12:36.000,0.9801,0.98023
05:12:37.000,0.98011,0.98024
05:12:40.000,0.98013,0.98026
05:12:41.000,0.98017,0.9803
05:12:42.000,0.98015,0.98028
05:12:45.000,0.98017,0.9803
05:12:49.000,0.98016,0.98029
05:12:51.000,0.98017,0.9803
05:12:55.000,0.98016,0.98029
05:13:06.000,0.98018,0.98031
05:13:07.000,0.98019,0.98032
05:13:17.000,0.98018,0.98031
05:13:21.000,0.98015,0.98028
05:13:23.000,0.98012,0.98025
05:13:24.000,0.98009,0.98022
05:13:25.000,0.98013,0.98026
05:13:26.000,0.98009,0.98022
05:13:32.000,0.98012,0.98025
05:13:33.000,0.98009,0.98022
05:13:34.000,0.98005,0.98018
05:13:37.000,0.98006,0.98019
05:13:38.000,0.98007,0.9802
05:13:39.000,0.98006,0.98019
05:13:44.000,0.98007,0.9802
05:13:45.000,0.98007,0.9802
05:13:46.000,0.98006,0.98019
05:13:52.000,0.98006,0.98019
05:13:56.000,0.98006,0.98019
05:13:57.000,0.98007,0.9802
05:13:58.000,0.98006,0.98019
05:14:03.000,0.98007,0.9802
05:14:04.000,0.98006,0.98019
05:14:09.000,0.98008,0.98021
05:14:10.000,0.98006,0.98019
05:14:14.000,0.98007,0.9802
05:14:15.000,0.98009,0.98022
05:14:16.000,0.98006,0.98019
05:14:21.000,0.98008,0.98021
05:14:22.000,0.98006,0.98019
05:14:27.000,0.98008,0.98021
05:14:28.000,0.98006,0.98019
05:14:33.000,0.98007,0.9802
05:14:34.000,0.98008,0.98021
05:14:36.000,0.98008,0.98021
05:14:37.000,0.98006,0.98019
05:14:39.000,0.98007,0.9802
05:14:46.000,0.98008,0.98021
05:14:47.000,0.98006,0.98019
05:14:53.000,0.98009,0.98022
05:14:54.000,0.98007,0.9802
05:14:55.000,0.98008,0.98021
05:14:56.000,0.98008,0.98021
05:14:57.000,0.98009,0.98022
05:15:00.000,0.98011,0.98024
05:15:01.000,0.98009,0.98022
05:15:03.000,0.98008,0.98021
05:15:04.000,0.98006,0.98019
05:15:05.000,0.98008,0.98021
05:15:06.000,0.98006,0.98019
05:15:10.000,0.98008,0.98021
05:15:12.000,0.98007,0.9802
05:15:17.000,0.98006,0.98019
05:15:18.000,0.98008,0.98021
05:15:23.000,0.9801,0.98023
05:15:24.000,0.98008,0.98021
05:15:27.000,0.98007,0.9802
05:15:29.000,0.98009,0.98022
05:15:31.000,0.98009,0.98022
05:15:36.000,0.98014,0.98027
05:15:37.000,0.98014,0.98027
05:15:38.000,0.98018,0.98031
05:15:57.000,0.98017,0.9803
05:15:59.000,0.98018,0.98031
05:16:04.000,0.98017,0.9803
05:16:06.000,0.98017,0.9803
05:16:23.000,0.98013,0.98026
05:16:24.000,0.98015,0.98028
05:16:25.000,0.98013,0.98026
05:16:31.000,0.98014,0.98027
05:16:32.000,0.98014,0.98027
05:16:37.000,0.98015,0.98028
05:16:38.000,0.98013,0.98026
05:16:43.000,0.98015,0.98028
05:16:44.000,0.98013,0.98026
05:16:49.000,0.98016,0.98029
05:16:50.000,0.98011,0.98024
05:16:55.000,0.98014,0.98027
05:16:56.000,0.98013,0.98026
05:16:57.000,0.98011,0.98024
05:17:00.000,0.98015,0.98028
05:17:01.000,0.98013,0.98026
05:17:02.000,0.98011,0.98024
05:17:07.000,0.98016,0.98029
05:17:08.000,0.98016,0.98029
05:17:09.000,0.98017,0.9803
05:17:10.000,0.98019,0.98032
05:17:12.000,0.98015,0.98028
05:17:13.000,0.98019,0.98032
05:17:26.000,0.98017,0.9803
05:17:27.000,0.98019,0.98032
05:17:28.000,0.98013,0.98026
05:17:29.000,0.98016,0.98029
05:17:34.000,0.98013,0.98026
05:17:38.000,0.98016,0.98029
05:17:39.000,0.98017,0.9803
05:17:45.000,0.98017,0.9803
05:17:46.000,0.98019,0.98032
05:17:47.000,0.98016,0.98029
05:17:52.000,0.98014,0.98027
05:17:53.000,0.98016,0.98029
05:17:55.000,0.98017,0.9803
05:17:59.000,0.98014,0.98027
05:18:04.000,0.98016,0.98029
05:18:06.000,0.98009,0.98022
05:18:08.000,0.98009,0.98022
05:18:10.000,0.98009,0.98022
05:18:11.000,0.98007,0.9802
05:18:12.000,0.98006,0.98019
05:18:17.000,0.98009,0.98022
05:18:18.000,0.98007,0.9802
05:18:24.000,0.98007,0.9802
05:18:25.000,0.98006,0.98019
05:18:30.000,0.98006,0.98019
05:18:31.000,0.98006,0.98019
05:18:36.000,0.98012,0.98025
05:18:37.000,0.98007,0.9802
05:18:39.000,0.98006,0.98019
05:18:42.000,0.98007,0.9802
05:18:49.000,0.98007,0.9802
05:18:50.000,0.98007,0.9802
05:18:52.000,0.98006,0.98019
05:18:55.000,0.98007,0.9802
05:18:56.000,0.98006,0.98019
05:18:57.000,0.98005,0.98018
05:19:01.000,0.98006,0.98019
05:19:02.000,0.98008,0.98021
05:19:03.000,0.98006,0.98019
05:19:08.000,0.98006,0.98019
05:19:14.000,0.98009,0.98022
05:19:15.000,0.98007,0.9802
05:19:20.000,0.98006,0.98019
05:19:21.000,0.98007,0.9802
05:19:22.000,0.98006,0.98019
05:19:26.000,0.98007,0.9802
05:19:27.000,0.98006,0.98019
05:19:33.000,0.98007,0.9802
05:19:34.000,0.98006,0.98019
05:19:39.000,0.98009,0.98022
05:19:40.000,0.98007,0.9802
05:19:45.000,0.9801,0.98023
05:19:46.000,0.98008,0.98021
05:19:47.000,0.98007,0.9802
05:19:51.000,0.98007,0.9802
05:19:52.000,0.98006,0.98019
05:19:57.000,0.98007,0.9802
05:19:58.000,0.98005,0.98018
05:20:03.000,0.98005,0.98018
05:20:04.000,0.98005,0.98018
05:20:21.000,0.98007,0.9802
05:20:22.000,0.98005,0.98018
05:20:27.000,0.98006,0.98019
05:20:28.000,0.98005,0.98018
05:20:34.000,0.98006,0.98019
05:20:36.000,0.98004,0.98017
05:20:52.000,0.98005,0.98018
05:20:54.000,0.98006,0.98019
05:21:05.000,0.98005,0.98018
05:21:11.000,0.98006,0.98019
05:21:12.000,0.98005,0.98018
05:21:18.000,0.98006,0.98019
05:21:19.000,0.98005,0.98018
05:21:29.000,0.98006,0.98019
05:21:30.000,0.98005,0.98018
05:21:37.000,0.98006,0.98019
05:21:42.000,0.98005,0.98018
05:21:59.000,0.98004,0.98017
05:22:06.000,0.98005,0.98018
05:22:11.000,0.98004,0.98017
05:22:12.000,0.98004,0.98017
05:22:21.000,0.98005,0.98018
05:22:24.000,0.98003,0.98016
05:22:27.000,0.98002,0.98015
05:22:28.000,0.97997,0.9801
05:22:30.000,0.97996,0.98009
05:22:34.000,0.97995,0.98008
05:22:41.000,0.97997,0.9801
05:22:42.000,0.97995,0.98008
05:22:45.000,0.97997,0.9801
05:22:47.000,0.97998,0.98011
05:22:48.000,0.98002,0.98015
05:22:53.000,0.98004,0.98017
05:22:54.000,0.98004,0.98017
05:22:55.000,0.98004,0.98017
05:22:56.000,0.98004,0.98017
05:22:57.000,0.98005,0.98018
05:22:59.000,0.98004,0.98017
05:23:00.000,0.98006,0.98019
05:23:06.000,0.98007,0.9802
05:23:07.000,0.98007,0.9802
05:23:08.000,0.98006,0.98019
05:23:11.000,0.98005,0.98018
05:23:12.000,0.98006,0.98019
05:23:17.000,0.98007,0.9802
05:23:18.000,0.98008,0.98021
05:23:19.000,0.98006,0.98019
05:23:33.000,0.97992,0.98005
05:23:34.000,0.97986,0.97999
05:23:36.000,0.97987,0.98
05:23:37.000,0.97986,0.97999
05:23:42.000,0.97987,0.98
05:23:43.000,0.97986,0.97999
05:23:48.000,0.97987,0.98
05:23:49.000,0.97987,0.98
05:23:50.000,0.97986,0.97999
05:23:55.000,0.97987,0.98
05:23:56.000,0.97988,0.98001
05:23:57.000,0.97987,0.98
05:24:08.000,0.97983,0.97996
05:24:37.000,0.97982,0.97995
05:24:38.000,0.97985,0.97998
05:24:39.000,0.97986,0.97999
05:24:50.000,0.97983,0.97996
05:24:51.000,0.97985,0.97998
05:24:52.000,0.97985,0.97998
05:24:56.000,0.97987,0.98
05:24:57.000,0.97986,0.97999
05:24:58.000,0.97985,0.97998
05:25:03.000,0.97986,0.97999
05:25:04.000,0.97986,0.97999
05:25:09.000,0.97987,0.98
05:25:10.000,0.97987,0.98
05:25:15.000,0.97986,0.97999
05:25:22.000,0.97986,0.97999
05:25:28.000,0.97987,0.98
05:25:29.000,0.97986,0.97999
05:25:34.000,0.97987,0.98
05:25:35.000,0.97986,0.97999
05:25:36.000,0.97986,0.97999
05:25:41.000,0.97987,0.98
05:25:42.000,0.97986,0.97999
05:25:48.000,0.97987,0.98
05:25:49.000,0.97986,0.97999
05:25:55.000,0.97988,0.98001
05:25:56.000,0.97987,0.98
05:26:01.000,0.97989,0.98002
05:26:02.000,0.97987,0.98
05:26:05.000,0.97989,0.98002
05:26:07.000,0.97987,0.98
05:26:13.000,0.97989,0.98002
05:26:14.000,0.97987,0.98
05:26:17.000,0.97986,0.97999
05:26:19.000,0.97987,0.98
05:26:21.000,0.97986,0.97999
05:26:26.000,0.97986,0.97999
05:26:36.000,0.97989,0.98002
05:26:38.000,0.97995,0.98008
05:26:40.000,0.97997,0.9801
05:26:42.000,0.97998,0.98011
05:26:44.000,0.97999,0.98012
05:26:45.000,0.98002,0.98015
05:26:50.000,0.98002,0.98015
05:26:54.000,0.98,0.98013
05:26:55.000,0.97997,0.9801
05:26:56.000,0.97995,0.98008
05:27:02.000,0.97996,0.98009
05:27:09.000,0.97996,0.98009
05:27:11.000,0.97995,0.98008
05:27:15.000,0.97998,0.98011
05:27:16.000,0.97997,0.9801
05:27:20.000,0.98008,0.98021
05:27:21.000,0.98017,0.9803
05:27:22.000,0.98015,0.98028
05:27:25.000,0.98014,0.98027
05:27:32.000,0.98017,0.9803
05:27:37.000,0.98016,0.98029
05:27:39.000,0.98015,0.98028
05:27:44.000,0.98012,0.98025
05:27:45.000,0.98007,0.9802
05:27:46.000,0.98007,0.9802
05:27:47.000,0.98006,0.98019
05:28:02.000,0.98017,0.9803
05:28:04.000,0.98016,0.98029
05:28:07.000,0.98017,0.9803
05:28:10.000,0.98015,0.98028
05:28:14.000,0.98017,0.9803
05:28:19.000,0.98024,0.98037
05:28:25.000,0.98026,0.98039
05:28:26.000,0.98024,0.98037
05:28:27.000,0.98019,0.98032
05:28:31.000,0.98021,0.98034
05:28:32.000,0.98019,0.98032
05:28:36.000,0.98018,0.98031
05:28:37.000,0.98019,0.98032
05:28:38.000,0.98018,0.98031
05:28:43.000,0.98018,0.98031
05:28:44.000,0.98017,0.9803
05:28:49.000,0.98018,0.98031
05:28:50.000,0.98024,0.98037
05:28:51.000,0.98022,0.98035
05:28:56.000,0.98024,0.98037
05:28:57.000,0.98024,0.98037
05:28:58.000,0.98021,0.98034
05:29:03.000,0.98024,0.98037
05:29:04.000,0.98024,0.98037
05:29:05.000,0.98022,0.98035
05:29:10.000,0.98027,0.9804
05:29:11.000,0.98024,0.98037
05:29:16.000,0.98026,0.98039
05:29:17.000,0.98023,0.98036
05:29:19.000,0.98022,0.98035
05:29:22.000,0.98025,0.98038
05:29:23.000,0.98023,0.98036
05:29:27.000,0.98024,0.98037
05:29:28.000,0.98024,0.98037
05:29:29.000,0.98022,0.98035
05:29:33.000,0.98025,0.98038
05:29:34.000,0.98024,0.98037
05:29:35.000,0.98023,0.98036
05:29:38.000,0.98025,0.98038
05:29:39.000,0.98025,0.98038
05:29:40.000,0.98023,0.98036
05:29:45.000,0.98024,0.98037
05:29:46.000,0.98023,0.98036
05:29:50.000,0.98021,0.98034
05:29:51.000,0.98023,0.98036
05:29:52.000,0.98022,0.98035
05:29:54.000,0.98021,0.98034
05:29:55.000,0.98023,0.98036
05:29:56.000,0.98026,0.98039
05:30:11.000,0.98028,0.98041
05:30:26.000,0.98029,0.98042
05:30:27.000,0.98031,0.98044
05:31:00.000,0.98032,0.98045
05:31:01.000,0.98041,0.98054
05:31:05.000,0.98046,0.98059
05:31:06.000,0.98049,0.98062
05:31:08.000,0.98046,0.98059
05:31:11.000,0.98047,0.9806
05:31:12.000,0.98042,0.98055
05:31:17.000,0.98043,0.98056
05:31:18.000,0.98038,0.98051
05:31:19.000,0.98041,0.98054
05:31:20.000,0.98038,0.98051
05:31:24.000,0.98039,0.98052
05:31:25.000,0.98045,0.98058
05:31:26.000,0.98048,0.98061
05:31:27.000,0.98049,0.98062
05:31:28.000,0.98048,0.98061
05:31:35.000,0.98046,0.98059
05:31:44.000,0.98043,0.98056
05:31:50.000,0.98039,0.98052
05:31:51.000,0.98038,0.98051
05:31:53.000,0.98037,0.9805
05:31:56.000,0.98038,0.98051
05:31:57.000,0.98036,0.98049
05:32:01.000,0.9804,0.98053
05:32:02.000,0.98037,0.9805
05:32:07.000,0.98038,0.98051
05:32:08.000,0.98041,0.98054
05:32:45.000,0.98037,0.9805
05:32:51.000,0.98039,0.98052
05:32:52.000,0.98037,0.9805
05:32:57.000,0.98038,0.98051
05:32:58.000,0.98037,0.9805
05:33:03.000,0.98037,0.9805
05:33:04.000,0.98036,0.98049
05:33:09.000,0.98039,0.98052
05:33:10.000,0.98038,0.98051
05:33:14.000,0.98036,0.98049
05:33:15.000,0.98039,0.98052
05:33:16.000,0.98036,0.98049
05:33:28.000,0.98038,0.98051
05:33:29.000,0.98036,0.98049
05:33:34.000,0.98037,0.9805
05:33:35.000,0.98036,0.98049
05:33:41.000,0.98035,0.98048
05:33:42.000,0.98035,0.98048
05:33:55.000,0.98033,0.98046
05:33:57.000,0.98034,0.98047
05:33:59.000,0.98032,0.98045
05:34:05.000,0.98031,0.98044
05:34:06.000,0.98026,0.98039
05:34:13.000,0.98031,0.98044
05:34:17.000,0.98032,0.98045
05:34:37.000,0.98031,0.98044
05:34:38.000,0.98032,0.98045
05:34:41.000,0.98033,0.98046
05:34:43.000,0.98034,0.98047
05:34:48.000,0.98035,0.98048
05:34:54.000,0.98035,0.98048
05:34:56.000,0.98035,0.98048
05:34:57.000,0.98036,0.98049
05:34:59.000,0.98038,0.98051
05:35:01.000,0.98042,0.98055
05:35:08.000,0.9804,0.98053
05:35:21.000,0.98041,0.98054
05:35:26.000,0.9804,0.98053
05:35:31.000,0.98037,0.9805
05:35:39.000,0.98044,0.98057
05:35:40.000,0.98043,0.98056
05:35:44.000,0.98042,0.98055
05:35:45.000,0.98044,0.98057
05:35:46.000,0.98043,0.98056
05:35:48.000,0.98045,0.98058
05:35:49.000,0.98047,0.9806
05:35:58.000,0.98051,0.98064
05:36:08.000,0.98051,0.98064
05:36:09.000,0.98049,0.98062
05:36:11.000,0.98053,0.98066
05:36:23.000,0.98051,0.98064
05:36:28.000,0.98049,0.98062
05:36:37.000,0.98051,0.98064
05:36:38.000,0.98049,0.98062
05:36:43.000,0.98048,0.98061
05:36:47.000,0.98049,0.98062
05:36:50.000,0.98051,0.98064
05:36:57.000,0.98049,0.98062
05:37:01.000,0.98045,0.98058
05:37:02.000,0.98046,0.98059
05:37:03.000,0.98045,0.98058
05:37:04.000,0.98047,0.9806
05:37:08.000,0.98048,0.98061
05:37:17.000,0.98049,0.98062
05:37:20.000,0.98048,0.98061
05:37:24.000,0.9805,0.98063
05:37:31.000,0.98047,0.9806
05:37:36.000,0.98046,0.98059
05:37:39.000,0.98049,0.98062
05:37:43.000,0.98046,0.98059
05:38:03.000,0.98041,0.98054
05:38:04.000,0.9804,0.98053
05:38:14.000,0.98046,0.98059
05:38:17.000,0.98042,0.98055
05:38:18.000,0.98043,0.98056
05:38:26.000,0.98043,0.98056
05:38:29.000,0.98036,0.98049
05:38:30.000,0.98033,0.98046
05:38:32.000,0.98033,0.98046
05:38:34.000,0.98034,0.98047
05:38:35.000,0.98034,0.98047
05:38:41.000,0.98036,0.98049
05:38:45.000,0.98042,0.98055
05:38:51.000,0.98042,0.98055
05:38:52.000,0.98037,0.9805
05:38:53.000,0.98035,0.98048
05:38:54.000,0.98035,0.98048
05:38:55.000,0.98035,0.98048
05:38:57.000,0.98036,0.98049
05:39:09.000,0.98035,0.98048
05:39:10.000,0.98036,0.98049
05:39:20.000,0.98032,0.98045
05:39:34.000,0.98032,0.98045
05:39:35.000,0.9803,0.98043
05:39:37.000,0.98031,0.98044
05:39:42.000,0.98023,0.98036
05:39:47.000,0.98019,0.98032
05:39:48.000,0.98019,0.98032
05:39:50.000,0.98018,0.98031
05:39:51.000,0.98022,0.98035
05:39:52.000,0.98029,0.98042
05:39:56.000,0.98031,0.98044
05:39:57.000,0.9803,0.98043
05:39:58.000,0.98028,0.98041
05:40:01.000,0.98027,0.9804
05:40:03.000,0.98026,0.98039
05:40:05.000,0.9803,0.98043
05:40:07.000,0.98029,0.98042
05:40:08.000,0.9803,0.98043
05:40:13.000,0.98033,0.98046
05:40:14.000,0.9803,0.98043
05:40:22.000,0.98031,0.98044
05:40:26.000,0.98033,0.98046
05:40:30.000,0.98033,0.98046
05:40:31.000,0.98032,0.98045
05:41:14.000,0.98032,0.98045
05:41:17.000,0.98031,0.98044
05:41:34.000,0.98033,0.98046
05:41:37.000,0.98034,0.98047
05:41:38.000,0.98033,0.98046
05:41:49.000,0.98033,0.98046
05:41:54.000,0.98034,0.98047
05:41:55.000,0.98033,0.98046
05:42:01.000,0.98039,0.98052
05:42:02.000,0.98049,0.98062
05:42:03.000,0.98056,0.98069
05:42:04.000,0.98059,0.98072
05:42:05.000,0.98061,0.98074
05:42:06.000,0.98063,0.98076
05:42:07.000,0.98062,0.98075
05:42:09.000,0.98061,0.98074
05:42:10.000,0.98062,0.98075
05:42:16.000,0.98061,0.98074
05:42:17.000,0.98062,0.98075
05:42:25.000,0.98061,0.98074
05:42:28.000,0.9806,0.98073
05:42:30.000,0.98059,0.98072
05:42:33.000,0.9806,0.98073
05:42:39.000,0.98057,0.9807
05:42:40.000,0.98049,0.98062
05:42:44.000,0.98048,0.98061
05:42:51.000,0.98049,0.98062
05:42:57.000,0.98048,0.98061
05:42:58.000,0.98049,0.98062
05:43:00.000,0.9805,0.98063
05:43:01.000,0.98052,0.98065
05:43:02.000,0.98061,0.98074
05:43:03.000,0.98064,0.98077
05:43:05.000,0.98062,0.98075
05:43:14.000,0.98064,0.98077
05:43:16.000,0.98063,0.98076
05:43:17.000,0.98062,0.98075
05:43:27.000,0.98063,0.98076
05:43:32.000,0.98066,0.98079
05:43:37.000,0.98065,0.98078
05:43:40.000,0.98066,0.98079
05:43:41.000,0.9807,0.98083
05:43:44.000,0.98071,0.98084
05:43:47.000,0.9807,0.98083
05:43:54.000,0.98068,0.98081
05:44:46.000,0.9807,0.98083
05:44:47.000,0.98071,0.98084
05:44:48.000,0.98076,0.98089
05:44:49.000,0.9808,0.98093
05:44:50.000,0.9808,0.98093
05:44:51.000,0.9808,0.98093
05:45:04.000,0.98081,0.98094
05:45:07.000,0.98077,0.9809
05:45:28.000,0.9807,0.98083
05:45:29.000,0.98067,0.9808
05:45:31.000,0.9807,0.98083
05:45:32.000,0.98067,0.9808
05:45:33.000,0.98067,0.9808
05:45:34.000,0.98068,0.98081
05:45:35.000,0.98069,0.98082
05:45:37.000,0.98071,0.98084
05:45:38.000,0.98072,0.98085
05:45:39.000,0.98071,0.98084
05:45:40.000,0.98072,0.98085
05:45:42.000,0.98069,0.98082
05:45:43.000,0.98066,0.98079
05:45:47.000,0.98064,0.98077
05:45:48.000,0.98062,0.98075
05:45:50.000,0.98064,0.98077
05:46:55.000,0.98065,0.98078
05:46:58.000,0.98066,0.98079
05:47:00.000,0.98065,0.98078
05:47:17.000,0.98066,0.98079
05:47:21.000,0.98068,0.98081
05:47:22.000,0.98076,0.98089
05:47:23.000,0.98077,0.9809
05:47:31.000,0.9808,0.98093
05:47:32.000,0.98081,0.98094
05:47:41.000,0.98082,0.98095
05:48:00.000,0.98082,0.98095
05:48:01.000,0.98085,0.98098
05:48:09.000,0.98087,0.981
05:48:10.000,0.9809,0.98103
05:48:14.000,0.98091,0.98104
05:48:15.000,0.98091,0.98104
05:48:26.000,0.98092,0.98105
05:48:31.000,0.98089,0.98102
05:48:32.000,0.98087,0.981
05:48:33.000,0.9808,0.98093
05:48:39.000,0.98081,0.98094
05:48:46.000,0.98083,0.98096
05:48:47.000,0.98086,0.98099
05:48:51.000,0.98086,0.98099
05:48:52.000,0.9809,0.98103
05:48:56.000,0.98096,0.98109
05:48:57.000,0.98095,0.98108
05:48:59.000,0.98096,0.98109
05:49:00.000,0.98097,0.9811
05:49:03.000,0.98097,0.9811
05:49:04.000,0.98098,0.98111
05:49:05.000,0.981,0.98113
05:49:16.000,0.98099,0.98112
05:49:58.000,0.98098,0.98111
05:50:09.000,0.98095,0.98108
05:50:11.000,0.98089,0.98102
05:50:16.000,0.98088,0.98101
05:50:21.000,0.98087,0.981
05:50:23.000,0.98088,0.98101
05:50:29.000,0.98088,0.98101
05:50:34.000,0.98087,0.981
05:50:37.000,0.98088,0.98101
05:50:38.000,0.9809,0.98103
05:50:39.000,0.98089,0.98102
05:50:40.000,0.98092,0.98105
05:50:41.000,0.98093,0.98106
05:50:43.000,0.9809,0.98103
05:50:45.000,0.98091,0.98104
05:50:47.000,0.98102,0.98115
05:50:48.000,0.98102,0.98115
05:50:49.000,0.98101,0.98114
05:50:52.000,0.981,0.98113
05:50:59.000,0.98101,0.98114
05:51:00.000,0.98103,0.98116
05:51:01.000,0.98101,0.98114
05:51:04.000,0.98102,0.98115
05:51:09.000,0.981,0.98113
05:51:13.000,0.98099,0.98112
05:51:23.000,0.98096,0.98109
05:51:25.000,0.98099,0.98112
05:51:26.000,0.98099,0.98112
05:51:27.000,0.98098,0.98111
05:51:29.000,0.981,0.98113
05:51:38.000,0.98103,0.98116
05:51:39.000,0.981,0.98113
05:51:40.000,0.98099,0.98112
05:51:44.000,0.981,0.98113
05:51:49.000,0.98101,0.98114
05:51:50.000,0.981,0.98113
05:51:55.000,0.9811,0.98123
05:51:59.000,0.98113,0.98126
05:52:00.000,0.98115,0.98128
05:52:01.000,0.98113,0.98126
05:52:02.000,0.98113,0.98126
05:52:03.000,0.98109,0.98122
05:52:08.000,0.98111,0.98124
05:52:11.000,0.98112,0.98125
05:52:14.000,0.98117,0.9813
05:52:15.000,0.98118,0.98131
05:52:27.000,0.98117,0.9813
05:52:34.000,0.98119,0.98132
05:52:37.000,0.98118,0.98131
05:52:39.000,0.98117,0.9813
05:52:51.000,0.98118,0.98131
05:52:52.000,0.98119,0.98132
05:52:53.000,0.98117,0.9813
05:52:58.000,0.98118,0.98131
05:52:59.000,0.98117,0.9813
05:53:05.000,0.98116,0.98129
05:53:11.000,0.98117,0.9813
05:53:24.000,0.98118,0.98131
05:53:25.000,0.98117,0.9813
05:53:29.000,0.98119,0.98132
05:53:30.000,0.98117,0.9813
05:53:35.000,0.98118,0.98131
05:53:36.000,0.98117,0.9813
05:53:47.000,0.98119,0.98132
05:53:50.000,0.98118,0.98131
05:53:51.000,0.9812,0.98133
05:53:52.000,0.98114,0.98127
05:53:53.000,0.98119,0.98132
05:53:54.000,0.98119,0.98132
05:53:56.000,0.98117,0.9813
05:53:57.000,0.98116,0.98129
05:54:06.000,0.98119,0.98132
05:54:07.000,0.9812,0.98133
05:54:08.000,0.98119,0.98132
05:54:14.000,0.98118,0.98131
05:54:22.000,0.98117,0.9813
05:54:29.000,0.98117,0.9813
05:54:34.000,0.98118,0.98131
05:54:37.000,0.98117,0.9813
05:54:56.000,0.9812,0.98133
05:54:57.000,0.98119,0.98132
05:54:58.000,0.98118,0.98131
05:55:01.000,0.98119,0.98132
05:55:02.000,0.98118,0.98131
05:55:08.000,0.9812,0.98133
05:55:17.000,0.98119,0.98132
05:55:40.000,0.98121,0.98134
05:55:52.000,0.98119,0.98132
05:56:05.000,0.98118,0.98131
05:56:07.000,0.98116,0.98129
05:56:36.000,0.98118,0.98131
05:56:39.000,0.98118,0.98131
05:56:46.000,0.9812,0.98133
05:56:50.000,0.98121,0.98134
05:56:51.000,0.98128,0.98141
05:56:52.000,0.98136,0.98149
05:56:53.000,0.9814,0.98153
05:56:54.000,0.98142,0.98155
05:56:55.000,0.98143,0.98156
05:56:56.000,0.98148,0.98161
05:57:06.000,0.98149,0.98162
05:57:07.000,0.98149,0.98162
05:57:08.000,0.9815,0.98163
05:57:09.000,0.98151,0.98164
05:57:10.000,0.98149,0.98162
05:57:11.000,0.98148,0.98161
05:57:12.000,0.98147,0.9816
05:57:15.000,0.98148,0.98161
05:57:16.000,0.98147,0.9816
05:57:17.000,0.98145,0.98158
05:57:19.000,0.98147,0.9816
05:57:25.000,0.98148,0.98161
05:57:27.000,0.98146,0.98159
05:57:28.000,0.98144,0.98157
05:57:31.000,0.98146,0.98159
05:57:32.000,0.98149,0.98162
05:57:36.000,0.98146,0.98159
05:57:37.000,0.98147,0.9816
05:57:41.000,0.98149,0.98162
05:57:42.000,0.98148,0.98161
05:57:43.000,0.98147,0.9816
05:57:45.000,0.98148,0.98161
05:57:48.000,0.98147,0.9816
05:57:54.000,0.98146,0.98159
05:57:56.000,0.98147,0.9816
05:57:59.000,0.98148,0.98161
05:58:00.000,0.98149,0.98162
05:58:01.000,0.9815,0.98163
05:58:02.000,0.98148,0.98161
05:58:17.000,0.98149,0.98162
05:58:21.000,0.98153,0.98166
05:58:22.000,0.98153,0.98166
05:58:23.000,0.98152,0.98165
05:58:24.000,0.98152,0.98165
05:58:25.000,0.98163,0.98176
05:58:26.000,0.98166,0.98179
05:58:27.000,0.98168,0.98181
05:58:28.000,0.98171,0.98184
05:58:29.000,0.98173,0.98186
05:58:35.000,0.98176,0.98189
05:58:49.000,0.98168,0.98181
05:58:51.000,0.98167,0.9818
05:58:52.000,0.98166,0.98179
05:58:53.000,0.98168,0.98181
05:58:55.000,0.98167,0.9818
05:58:56.000,0.98163,0.98176
05:58:57.000,0.98159,0.98172
05:58:58.000,0.98161,0.98174
05:59:01.000,0.98159,0.98172
05:59:02.000,0.9816,0.98173
05:59:09.000,0.98163,0.98176
05:59:10.000,0.98167,0.9818
05:59:14.000,0.98167,0.9818
05:59:16.000,0.98166,0.98179
05:59:17.000,0.98167,0.9818
05:59:18.000,0.98165,0.98178
05:59:20.000,0.98158,0.98171
05:59:21.000,0.98159,0.98172
05:59:22.000,0.98158,0.98171
05:59:23.000,0.98158,0.98171
05:59:26.000,0.98162,0.98175
05:59:34.000,0.98167,0.9818
05:59:35.000,0.98168,0.98181
05:59:36.000,0.98167,0.9818
05:59:39.000,0.98171,0.98184
05:59:42.000,0.98173,0.98186
05:59:43.000,0.98179,0.98192
05:59:53.000,0.98177,0.9819
05:59:55.000,0.98178,0.98191
05:59:56.000,0.98176,0.98189
05:59:57.000,0.98174,0.98187
05:59:58.000,0.98177,0.9819
05:59:59.000,0.98178,0.98191
06:00:00.000,0.98178,0.98191
06:00:03.000,0.98176,0.98188
06:00:04.000,0.98177,0.98189
06:00:10.000,0.98174,0.98186
06:00:12.000,0.98177,0.98189
06:00:18.000,0.98175,0.98187
06:00:19.000,0.98175,0.98187
06:00:22.000,0.98176,0.98188
06:00:27.000,0.98178,0.9819
06:00:32.000,0.98179,0.98191
06:00:33.000,0.98191,0.98203
06:00:39.000,0.98189,0.98201
06:00:41.000,0.98192,0.98204
06:00:42.000,0.98195,0.98207
06:00:43.000,0.98195,0.98207
06:00:44.000,0.98204,0.98216
06:00:45.000,0.98205,0.98217
06:00:46.000,0.98212,0.98224
06:00:47.000,0.98214,0.98226
06:00:48.000,0.9822,0.98232
06:00:49.000,0.98223,0.98235
06:00:50.000,0.98225,0.98237
06:00:53.000,0.98227,0.98239
06:00:54.000,0.98225,0.98237
06:00:56.000,0.98223,0.98235
06:00:57.000,0.98223,0.98235
06:00:58.000,0.98225,0.98237
06:00:59.000,0.98219,0.98244
06:01:03.000,0.98221,0.98246
06:01:08.000,0.98219,0.98244
06:01:12.000,0.98221,0.98246
06:01:16.000,0.98219,0.98244
06:01:17.000,0.98218,0.98243
06:01:20.000,0.98216,0.98241
06:01:21.000,0.98214,0.98239
06:01:22.000,0.98216,0.98241
06:01:30.000,0.98218,0.98243
06:01:31.000,0.9822,0.98245
06:01:32.000,0.98222,0.98247
06:01:34.000,0.98228,0.9824
06:01:35.000,0.98229,0.98241
06:01:36.000,0.98228,0.9824
06:01:37.000,0.98226,0.98238
06:01:38.000,0.98228,0.9824
06:01:43.000,0.98232,0.98244
06:01:44.000,0.9823,0.98242
06:01:45.000,0.98231,0.98243
06:01:47.000,0.98236,0.98248
06:01:50.000,0.98235,0.98247
06:01:54.000,0.98234,0.98246
06:01:55.000,0.98233,0.98245
06:02:00.000,0.98232,0.98244
06:02:03.000,0.98226,0.98238
06:02:04.000,0.98224,0.98236
06:02:06.000,0.98223,0.98235
06:02:07.000,0.98224,0.98236
06:02:08.000,0.98225,0.98237
06:02:09.000,0.98225,0.98237
06:02:11.000,0.98223,0.98235
06:02:17.000,0.98224,0.98236
06:02:23.000,0.98229,0.98241
06:02:24.000,0.98231,0.98243
06:02:25.000,0.98229,0.98241
06:02:34.000,0.98228,0.9824
06:02:36.000,0.98227,0.98239
06:02:37.000,0.98229,0.98241
06:02:38.000,0.98229,0.98241
06:02:39.000,0.98229,0.98241
06:02:42.000,0.98231,0.98243
06:02:43.000,0.98232,0.98244
06:02:45.000,0.98224,0.98236
06:02:46.000,0.98214,0.98226
06:02:47.000,0.98202,0.98214
06:02:48.000,0.98201,0.98213
06:02:51.000,0.982,0.98212
06:02:52.000,0.98197,0.98209
06:02:53.000,0.98196,0.98208
06:02:54.000,0.98199,0.98211
06:02:56.000,0.98189,0.98201
06:02:57.000,0.98188,0.982
06:03:01.000,0.9818,0.98192
06:03:02.000,0.98182,0.98194
06:03:04.000,0.98184,0.98196
06:03:06.000,0.98184,0.98196
06:03:07.000,0.98183,0.98195
06:03:10.000,0.98184,0.98196
06:03:14.000,0.98186,0.98198
06:03:16.000,0.98185,0.98197
06:03:17.000,0.98184,0.98196
06:03:18.000,0.98183,0.98195
06:03:21.000,0.98182,0.98194
06:03:27.000,0.98186,0.98198
06:03:28.000,0.98175,0.98187
06:03:29.000,0.98152,0.98177
06:03:33.000,0.9815,0.98175
06:03:35.000,0.98148,0.98173
06:03:37.000,0.98147,0.98172
06:03:44.000,0.98149,0.98174
06:03:45.000,0.98157,0.98182
06:04:02.000,0.98146,0.98171
06:04:05.000,0.98136,0.98161
06:04:09.000,0.98151,0.98163
06:04:12.000,0.98152,0.98164
06:04:13.000,0.98156,0.98168
06:04:14.000,0.98157,0.98169
06:04:18.000,0.98156,0.98168
06:04:20.000,0.98167,0.98179
06:04:21.000,0.98174,0.98199
06:04:24.000,0.98173,0.98198
06:04:26.000,0.9818,0.98205
06:04:27.000,0.98182,0.98207
06:04:35.000,0.98183,0.98208
06:04:39.000,0.98186,0.98211
06:04:42.000,0.98187,0.98212
06:04:48.000,0.98187,0.98212
06:04:49.000,0.98191,0.98216
06:04:53.000,0.98192,0.98217
06:04:56.000,0.98191,0.98216
06:04:57.000,0.98193,0.98218
06:04:59.000,0.98194,0.98219
06:05:01.000,0.98196,0.98221
06:05:02.000,0.98194,0.98219
06:05:03.000,0.98194,0.98206
06:05:18.000,0.98193,0.98205
06:05:21.000,0.98191,0.98203
06:05:22.000,0.98192,0.98204
06:05:24.000,0.98192,0.98204
06:05:26.000,0.98195,0.98207
06:05:27.000,0.98196,0.98208
06:05:28.000,0.98195,0.98207
06:05:30.000,0.98193,0.98205
06:05:31.000,0.98194,0.98206
06:05:32.000,0.98195,0.98207
06:05:34.000,0.98195,0.98207
06:05:35.000,0.98196,0.98208
06:05:36.000,0.98196,0.98208
06:05:46.000,0.98192,0.98204
06:05:51.000,0.98193,0.98205
06:05:52.000,0.98182,0.98194
06:05:54.000,0.98175,0.98187
06:05:57.000,0.98173,0.98185
06:05:58.000,0.98174,0.98186
06:05:59.000,0.98174,0.98186
06:06:00.000,0.98174,0.98186
06:06:01.000,0.98177,0.98189
06:06:04.000,0.98178,0.9819
06:06:05.000,0.9818,0.98192
06:06:06.000,0.98181,0.98193
06:06:09.000,0.98183,0.98195
06:06:17.000,0.98182,0.98194
06:06:18.000,0.9818,0.98192
06:06:19.000,0.98179,0.98191
06:06:20.000,0.98177,0.98189
06:06:25.000,0.9818,0.98192
06:06:26.000,0.9818,0.98192
06:06:30.000,0.98181,0.98193
06:06:32.000,0.98182,0.98194
06:06:45.000,0.98179,0.98191
06:07:08.000,0.98161,0.98173
06:07:12.000,0.98173,0.98185
06:07:13.000,0.98174,0.98186
06:07:14.000,0.98174,0.98186
06:07:19.000,0.98165,0.98177
06:07:20.000,0.98165,0.98177
06:07:21.000,0.98166,0.98178
06:07:23.000,0.98165,0.98177
06:07:27.000,0.98167,0.98179
06:07:42.000,0.98161,0.98173
06:07:51.000,0.98159,0.98171
06:07:54.000,0.9816,0.98172
06:07:56.000,0.98162,0.98174
06:07:58.000,0.98165,0.98177
06:07:59.000,0.98168,0.9818
06:08:00.000,0.9817,0.98182
06:08:11.000,0.98172,0.98184
06:08:12.000,0.98173,0.98185
06:08:20.000,0.9817,0.98182
06:08:21.000,0.98159,0.98171
06:08:22.000,0.9815,0.98162
06:08:23.000,0.98148,0.9816
06:08:25.000,0.9815,0.98162
06:08:26.000,0.9815,0.98162
06:08:27.000,0.98151,0.98163
06:08:28.000,0.98153,0.98165
06:08:29.000,0.98153,0.98165
06:08:30.000,0.98151,0.98163
06:08:31.000,0.98149,0.98161
06:08:32.000,0.98149,0.98161
06:08:34.000,0.98154,0.98166
06:08:35.000,0.98151,0.98163
06:08:36.000,0.9815,0.98162
06:08:44.000,0.98144,0.98156
06:08:45.000,0.98141,0.98153
06:08:46.000,0.98146,0.98158
06:08:47.000,0.98148,0.9816
06:08:50.000,0.9814,0.98152
06:08:51.000,0.98134,0.98146
06:08:52.000,0.98126,0.98138
06:08:54.000,0.98123,0.98135
06:08:55.000,0.98129,0.98141
06:08:56.000,0.98131,0.98143
06:08:58.000,0.98135,0.98147
06:09:00.000,0.98138,0.9815
06:09:02.000,0.98139,0.98151
06:09:04.000,0.98139,0.98151
06:09:06.000,0.9814,0.98152
06:09:27.000,0.98136,0.98148
06:09:29.000,0.98137,0.98149
06:09:37.000,0.9814,0.98152
06:09:38.000,0.98141,0.98153
06:09:39.000,0.9814,0.98152
06:09:43.000,0.98138,0.9815
06:09:53.000,0.98139,0.98151
06:09:54.000,0.98141,0.98153
06:09:57.000,0.9815,0.98162
06:10:00.000,0.98148,0.9816
06:10:01.000,0.98148,0.9816
06:10:02.000,0.98145,0.98157
06:10:03.000,0.98145,0.98157
06:10:04.000,0.98144,0.98156
06:10:06.000,0.9814,0.98152
06:10:09.000,0.98138,0.9815
06:10:10.000,0.98139,0.98151
06:10:11.000,0.9814,0.98152
06:10:12.000,0.98141,0.98153
06:10:16.000,0.98144,0.98156
06:10:17.000,0.98143,0.98155
06:10:19.000,0.98142,0.98154
06:10:25.000,0.98148,0.9816
06:10:27.000,0.98146,0.98158
06:10:28.000,0.98143,0.98155
06:10:29.000,0.98142,0.98154
06:10:31.000,0.98143,0.98155
06:10:34.000,0.98149,0.98161
06:10:35.000,0.98151,0.98163
06:10:37.000,0.9815,0.98162
06:10:38.000,0.98148,0.9816
06:10:40.000,0.98143,0.98155
06:10:41.000,0.98143,0.98155
06:10:46.000,0.9814,0.98152
06:10:49.000,0.98131,0.98143
06:10:50.000,0.98132,0.98144
06:10:53.000,0.98131,0.98143
06:10:54.000,0.98132,0.98144
06:10:55.000,0.98135,0.98147
06:10:57.000,0.98126,0.98138
06:10:58.000,0.98123,0.98135
06:11:00.000,0.98121,0.98133
06:11:01.000,0.98119,0.98131
06:11:09.000,0.9811,0.98122
06:11:13.000,0.98106,0.98118
06:11:14.000,0.98108,0.9812
06:11:17.000,0.98107,0.98119
06:11:20.000,0.9811,0.98122
06:11:21.000,0.98113,0.98125
06:11:25.000,0.98113,0.98125
06:11:27.000,0.98114,0.98126
06:11:31.000,0.98112,0.98124
06:11:37.000,0.98113,0.98125
06:11:38.000,0.98113,0.98125
06:11:41.000,0.98112,0.98124
06:11:46.000,0.9811,0.98122
06:11:48.000,0.98102,0.98114
06:11:50.000,0.98104,0.98116
06:11:54.000,0.98106,0.98118
06:11:55.000,0.98111,0.98123
06:11:59.000,0.98109,0.98121
06:12:01.000,0.98111,0.98123
06:12:04.000,0.98114,0.98126
06:12:10.000,0.98123,0.98135
06:12:14.000,0.98122,0.98134
06:12:21.000,0.98129,0.98141
06:12:22.000,0.98133,0.98145
06:12:26.000,0.98132,0.98144
06:12:28.000,0.98126,0.98138
06:12:29.000,0.98114,0.98126
06:12:30.000,0.98104,0.98116
06:12:32.000,0.98107,0.98119
06:12:36.000,0.98105,0.98117
06:12:37.000,0.98108,0.9812
06:12:43.000,0.98112,0.98124
06:12:47.000,0.98115,0.98127
06:12:49.000,0.98116,0.98128
06:12:51.000,0.98122,0.98134
06:13:02.000,0.98115,0.98127
06:13:09.000,0.98115,0.98127
06:13:11.000,0.9812,0.98132
06:13:12.000,0.98119,0.98131
06:13:14.000,0.98134,0.98146
06:13:16.000,0.98131,0.98143
06:13:29.000,0.98134,0.98146
06:13:30.000,0.98133,0.98145
06:13:35.000,0.98132,0.98144
06:13:36.000,0.98129,0.98141
06:13:37.000,0.98124,0.98136
06:13:39.000,0.98123,0.98135
06:13:47.000,0.9813,0.98142
06:13:48.000,0.98131,0.98143
06:13:49.000,0.98134,0.98146
06:13:50.000,0.98133,0.98145
06:13:53.000,0.98132,0.98144
06:14:03.000,0.98127,0.98139
06:14:06.000,0.98123,0.98135
06:14:07.000,0.98121,0.98133
06:14:08.000,0.98119,0.98131
06:14:13.000,0.9811,0.98122
06:14:14.000,0.98109,0.98121
06:14:28.000,0.98108,0.9812
06:14:29.000,0.98101,0.98113
06:14:30.000,0.98105,0.98117
06:14:31.000,0.98108,0.9812
06:14:38.000,0.9811,0.98122
06:14:41.000,0.98112,0.98124
06:14:46.000,0.98117,0.98129
06:14:47.000,0.98116,0.98128
06:14:51.000,0.98115,0.98127
06:14:55.000,0.98113,0.98125
06:14:56.000,0.98111,0.98123
06:14:57.000,0.98107,0.98119
06:14:58.000,0.98105,0.98117
06:14:59.000,0.98103,0.98115
06:15:00.000,0.98101,0.98113
06:15:02.000,0.98094,0.98106
06:15:03.000,0.98087,0.98099
06:15:04.000,0.98095,0.98107
06:15:05.000,0.9809,0.98102
06:15:06.000,0.98091,0.98103
06:15:12.000,0.9809,0.98102
06:15:14.000,0.98055,0.9808
06:15:15.000,0.98044,0.98069
06:15:17.000,0.98046,0.98071
06:15:18.000,0.98048,0.98073
06:15:19.000,0.98047,0.98072
06:15:23.000,0.98049,0.98074
06:15:24.000,0.98046,0.98071
06:15:25.000,0.98048,0.98073
06:15:26.000,0.98049,0.98074
06:15:28.000,0.98047,0.98072
06:15:31.000,0.98051,0.98076
06:15:32.000,0.98052,0.98077
06:15:37.000,0.98049,0.98074
06:15:57.000,0.9805,0.98075
06:16:03.000,0.98066,0.98091
06:16:04.000,0.98075,0.981
06:16:05.000,0.98078,0.98103
06:16:06.000,0.9808,0.98105
06:16:07.000,0.98085,0.9811
